@article{zurek1993preferred,
  author = {Zurek, Wojciech H.},
  title = {Preferred States, Predictability, Classicality and the Environment-Induced Decoherence},
  journal = {Progress of Theoretical Physics},
  volume = {89},
  number = {2},
  pages = {281--312},
  year = {1993},
  keywords = {chapter4},
  doi = {10.1143/PTP.89.281}
}

@article{gellmann1993decoherent,
  author = {Gell-Mann, Murray and Hartle, James B.},
  title = {Classical Equations for Quantum Systems},
  journal = {Physical Review D},
  volume = {47},
  number = {8},
  pages = {3345--3382},
  year = {1993},
  keywords = {chapter4},
  doi = {10.1103/PhysRevD.47.3345}
}

@article{schlosshauer2005decoherence,
  author = {Schlosshauer, Maximilian},
  title = {Decoherence, the Measurement Problem, and Interpretations of Quantum Mechanics},
  journal = {Reviews of Modern Physics},
  volume = {76},
  pages = {1267--1305},
  year = {2005},
  keywords = {chapter4},
  doi = {10.1103/RevModPhys.76.1267}
}

@article{zurek1982environment,
  author = {Zurek, Wojciech H.},
  title = {Environment-Induced Superselection Rules},
  journal = {Physical Review D},
  volume = {26},
  number = {8},
  pages = {1862--1880},
  year = {1982},
  keywords = {chapter4},
  doi = {10.1103/PhysRevD.26.1862}
}

@article{tegmark2014consciousness,
  author = {Tegmark, Max},
  title = {Consciousness as a State of Matter},
  journal = {Chaos, Solitons \&Fractals},
  volume = {76},
  pages = {238--270},
  year = {2015},
  keywords = {chapter4},
  doi = {10.1016/j.chaos.2015.03.014}
}

@article{gisin1989stochastic,
  author = {Gisin, Nicolas},
  title = {Stochastic Quantum Dynamics and Relativity},
  journal = {Helvetica Physica Acta},
  volume = {62},
  pages = {363--371},
  keywords = {chapter4},
  year = {1989}
}

@article{milburn1991intrinsic,
  author = {Milburn, Gerard J.},
  title = {Intrinsic Decoherence in Quantum Mechanics},
  journal = {Physical Review A},
  volume = {44},
  number = {9},
  pages = {5401--5406},
  year = {1991},
  keywords = {chapter4},
  doi = {10.1103/PhysRevA.44.5401}
}

@article{zurek1998decoherence,
  author = {Zurek, Wojciech H.},
  title = {Decoherence, Chaos, Quantum-Classical Correspondence, and the Algorithmic Arrow of Time},
  journal = {Physica Scripta},
  volume = {T76},
  pages = {186--198},
  year = {1998},
  keywords = {chapter4},
  doi = {10.1238/Physica.Topical.076a00186}
}

@article{omnes1992consistent,
  author = {Omnès, Roland},
  title = {Consistent Interpretations of Quantum Mechanics},
  journal = {Reviews of Modern Physics},
  volume = {64},
  pages = {339--382},
  keywords = {chapter4},
  year = {1992},
  doi = {10.1103/RevModPhys.64.339}
}

@article{baumann2022wavefunction,
  author = {Baumann, Viktor and Wolf, Thomas},
  title = {Wavefunction Collapse as a Dynamical Process with Self-Generated Observer Thresholds},
  journal = {arXiv preprint},
  eprint = {2203.03292},
  keywords = {chapter4},
  year = {2022},
  url = {https://arxiv.org/abs/2203.03292}
}

@article{blencowe2013effective,
  author = {Blencowe, Miles P.},
  title = {Effective Field Theory Approach to Gravitationally Induced Decoherence},
  journal = {Physical Review Letters},
  volume = {111},
  number = {2},
  pages = {021302},
  keywords = {chapter4},
  year = {2013},
  doi = {10.1103/PhysRevLett.111.021302}
}

@article{karolyhazy1966gravitation,
  author = {Karolyhazy, Frigyes},
  title = {Gravitation and Quantum Mechanics of Macroscopic Objects},
  journal = {Il Nuovo Cimento A},
  volume = {42},
  pages = {390--402},
  keywords = {chapter4},
  year = {1966},
  doi = {10.1007/BF02717926}
}

@article{reyes2016collapse,
  author = {Reyes, Andres and de la Torre, A. C.},
  title = {Wave Function Collapse in Relativistic Quantum Mechanics},
  journal = {Foundations of Physics},
  volume = {46},
  pages = {681--692},
  keywords = {chapter4},
  year = {2016},
  doi = {10.1007/s10701-015-9987-5}
}

@article{gambini2007relational,
  author = {Gambini, Rodolfo and Pullin, Jorge},
  title = {Relational Physics with Real Rods and Clocks and the Measurement Problem of Quantum Mechanics},
  journal = {Foundations of Physics},
  volume = {37},
  pages = {1074--1092},
  keywords = {chapter4},
  year = {2007},
  doi = {10.1007/s10701-007-9148-7}
}

@article{smolin2009real,
  author = {Smolin, Lee},
  title = {The Case for Background Independence},
  journal = {arXiv preprint},
  eprint = {hep-th/0507235},
  year = {2005},
  keywords = {chapter4},
  url = {https://arxiv.org/abs/hep-th/0507235}
}

@article{percival1994primary,
  author = {Percival, Ian C.},
  title = {Primary State Diffusion},
  journal = {Proceedings of the Royal Society A},
  volume = {447},
  number = {1931},
  pages = {189--209},
  year = {1994},
  keywords = {chapter4},
  doi = {10.1098/rspa.1994.0064}
}

@article{adler2002environment,
  author = {Adler, Stephen L.},
  title = {Environmental Influence on the Measurement Process in Stochastic Reduction Models},
  journal = {Journal of Physics A: Mathematical and General},
  volume = {35},
  number = {36},
  pages = {841--858},
  year = {2002},
  keywords = {chapter4},
  doi = {10.1088/0305-4470/35/36/307}
}

@article{bahrami2014comparing,
  author = {Bahrami, Maaneli and Bassi, Angelo and McMillen, S. and Ulbricht, H.},
  title = {Is Gravity Quantum?},
  journal = {Classical and Quantum Gravity},
  volume = {31},
  number = {18},
  pages = {185007},
  keywords = {chapter4},
  year = {2014},
  doi = {10.1088/0264-9381/31/18/185007}
}

@article{decoherence_review,
  author = {Joos, E. and Zeh, H. D. and Kiefer, C. and Giulini, D. J. W. and Kupsch, J. and Stamatescu, I. O.},
  title = {Decoherence and the Appearance of a Classical World in Quantum Theory},
  journal = {Springer},
  year = {2003},
  keywords = {chapter4},
  note = {2nd edition}
}

@article{bassi2013models,
  author = {Bassi, Angelo and Lochan, Kinjalk and Satin, Seema and Singh, Tejinder P. and Ulbricht, Hendrik},
  title = {Models of Wave-function Collapse, Underlying Theories, and Experimental Tests},
  journal = {Reviews of Modern Physics},
  volume = {85},
  number = {2},
  pages = {471--527},
  keywords = {chapter4},
  year = {2013},
  doi = {10.1103/RevModPhys.85.471}
}

@article{vedral2012collapse,
  author = {Vedral, Vlatko},
  title = {Collapse or No Collapse? What Is the Best Ontology of Quantum Mechanics?},
  journal = {Philosophy of Science},
  volume = {79},
  number = {5},
  pages = {754--761},
  keywords = {chapter4},
  year = {2012},
  doi = {10.1086/667844}
}

@article{tegmark2015conscious,
  author = {Tegmark, Max},
  title = {Consciousness as a State of Matter},
  journal = {Chaos, Solitons \&Fractals},
  volume = {76},
  keywords = {chapter4},
  pages = {238--270},
  year = {2015},
  doi = {10.1016/j.chaos.2015.03.014}
}

@article{okon2014many,
  author = {Okon, Elias and Sudarsky, Daniel},
  title = {Benefits of Objective Collapse Models for Cosmology and Quantum Gravity},
  journal = {Foundations of Physics},
  volume = {44},
  pages = {114--143},
  year = {2014},
  keywords = {chapter4},
  doi = {10.1007/s10701-013-9772-2}
}

@article{pinto2022objective,
  author = {Pinto-Neto, Nelson and Santos, Bruno F.},
  title = {Objective Collapse and the Cosmological Constant Problem},
  journal = {Physics Letters B},
  volume = {829},
  pages = {137073},
  year = {2022},
  keywords = {chapter4},
  doi = {10.1016/j.physletb.2022.137073}
}

@article{struyve2011pilot,
  author = {Struyve, Ward},
  title = {Pilot-Wave Approaches to Quantum Field Theory},
  journal = {Journal of Physics: Conference Series},
  volume = {306},
  number = {1},
  pages = {012047},
  year = {2011},
  keywords = {chapter4},
  doi = {10.1088/1742-6596/306/1/012047}
}

@article{gisin1990weber,
  author = {Gisin, Nicolas and Percival, Ian C.},
  title = {The Weber-Wheeler Isotropic Collapse Model},
  journal = {Journal of Physics A: Mathematical and General},
  volume = {23},
  pages = {5677--5691},
  year = {1990},
  keywords = {chapter4},
  doi = {10.1088/0305-4470/23/24/023}
}

@article{bahrami2013collapse,
  author = {Bahrami, Maaneli and Bassi, Angelo and Ulbricht, Hendrik},
  title = {Testing Collapse Models Using Matter-Wave Interferometry},
  journal = {Physical Review A},
  volume = {88},
  number = {3},
  pages = {032112},
  year = {2013},
  keywords = {chapter4},
  doi = {10.1103/PhysRevA.88.032112}
}

@article{ghirardi1986unified,
  author = {Ghirardi, G. C. and Rimini, A. and Weber, T.},
  title = {Unified Dynamics for Microscopic and Macroscopic Systems},
  journal = {Physical Review D},
  volume = {34},
  number = {2},
  pages = {470--491},
  keywords = {chapter4},
  year = {1986},
  doi = {10.1103/PhysRevD.34.470}
}

@article{romero2017collapse,
  author = {Romero-Rochín, Víctor},
  title = {The Quantum-Classical Transition and the Role of Collapse},
  journal = {Revista Mexicana de Física},
  volume = {63},
  number = {6},
  keywords = {chapter4},
  pages = {535--544},
  year = {2017}
}

@article{shimony1993search,
  author = {Shimony, Abner},
  title = {Search for a Worldview Which Can Accommodate Our Knowledge of Microphysics},
  journal = {In Search of a Naturalistic World View},
  volume = {2},
  pages = {165--184},
  keywords = {chapter4},
  year = {1993}
}

@article{brunner2014bell,
  author = {Brunner, Nicolas and Cavalcanti, Daniel and Pironio, Stefano and Scarani, Valerio and Wehner, Stephanie},
  title = {Bell Nonlocality},
  journal = {Reviews of Modern Physics},
  volume = {86},
  number = {2},
  pages = {419--478},
  keywords = {chapter4},
  year = {2014},
  doi = {10.1103/RevModPhys.86.419}
}

@article{holland1993pilot,
  author = {Holland, Peter R.},
  title = {The Quantum Theory of Motion: An Account of the de Broglie–Bohm Causal Interpretation of Quantum Mechanics},
  journal = {Cambridge University Press},
  keywords = {chapter4},
  year = {1993}
}

@article{kent2005causal,
  author = {Kent, Adrian},
  title = {Causal Quantum Theory and the Collapse Locality Loophole},
  journal = {Physical Review A},
  volume = {72},
  number = {1},
  keywords = {chapter4},
  pages = {012107},
  year = {2005},
  doi = {10.1103/PhysRevA.72.012107}
}

@article{ghirardi2007collapse,
  author = {Ghirardi, Gian Carlo},
  title = {Collapse Theories},
  journal = {The Stanford Encyclopedia of Philosophy},
  editor = {Zalta, Edward N.},
  keywords = {chapter4},
  year = {2007},
  url = {https://plato.stanford.edu/entries/qm-collapse/}
}

@article{platoforms2017ontology,
  author = {Esfeld, Michael and Gisin, Nicolas and Polchinski, Joseph and Wallace, David},
  title = {Ontology in Collapse Theories of Quantum Mechanics},
  journal = {The British Journal for the Philosophy of Science},
  volume = {68},
  number = {4},
  pages = {1043--1069},
  year = {2017},
  keywords = {chapter4},
  doi = {10.1093/bjps/axw018}
}

@article{bedingham2011dynamical,
  author = {Bedingham, Daniel J.},
  title = {Dynamical State Reduction in Quantum Field Theory},
  journal = {Foundations of Physics},
  volume = {41},
  number = {4},
  pages = {686--704},
  keywords = {chapter4},
  year = {2011},
  doi = {10.1007/s10701-010-9501-0}
}

@article{gisin1992collapse,
  author = {Gisin, Nicolas},
  title = {Collapse, Indeterminism and Nondeterministic Quantum Evolution},
  journal = {Helvetica Physica Acta},
  volume = {65},
  keywords = {chapter4},
  pages = {525--533},
  year = {1992}
}

@article{bassi2007collapse,
  author = {Bassi, Angelo and Salvetti, David},
  title = {On the Compatibility of Collapse Theories with Special Relativity},
  journal = {Journal of Physics A: Mathematical and Theoretical},
  volume = {40},
  number = {48},
  pages = {14181--14199},
  year = {2007},
  keywords = {chapter4},
  doi = {10.1088/1751-8113/40/48/021}
}

@article{gisin1990nonlinear,
  author = {Gisin, Nicolas},
  title = {Weinberg's Nonlinear Quantum Mechanics and Superluminal Communications},
  journal = {Physics Letters A},
  volume = {143},
  number = {1},
  pages = {1--2},
  keywords = {chapter4},
  year = {1990},
  doi = {10.1016/0375-9601(90)90989-N}
}

@article{rimmer2017observer,
  author = {Rimmer, Marcus and Montgomery, Jillian and Camargo, Carlos},
  title = {Observer-Based Collapse and Definition in Self-Organizing Systems},
  journal = {Entropy},
  volume = {19},
  number = {12},
  pages = {633},
  year = {2017},
  keywords = {chapter4},
  doi = {10.3390/e19120633}
}

@article{pearle1989combining,
  author = {Pearle, Philip},
  title = {Combining Stochastic Dynamical State-Vector Reduction with Spontaneous Localization},
  journal = {Physical Review A},
  volume = {39},
  number = {5},
  pages = {2277--2289},
  year = {1989},
  keywords = {chapter4},
  doi = {10.1103/PhysRevA.39.2277}
}

@article{tumulka2006relativistic,
  author = {Tumulka, Roderich},
  title = {A Relativistic Version of the Ghirardi–Rimini–Weber Model},
  journal = {Journal of Statistical Physics},
  volume = {125},
  pages = {821--840},
  year = {2006},
  keywords = {chapter4},
  doi = {10.1007/s10955-006-9026-0}
}

@article{adler2007collapse,
  author = {Adler, Stephen L.},
  title = {Lower and Upper Bounds on CSL Parameters from Latent Image Formation and IGM Heating},
  journal = {Journal of Physics A: Mathematical and Theoretical},
  volume = {40},
  number = {12},
  pages = {2935--2957},
  keywords = {chapter4},
  year = {2007},
  doi = {10.1088/1751-8113/40/12/S03}
}

@article{nimmrichter2011testing,
  author = {Nimmrichter, Stefan and Hornberger, Klaus},
  title = {Testing Spontaneous Localization Theories with Matter-Wave Interferometry},
  journal = {Physical Review Letters},
  volume = {107},
  number = {16},
  pages = {160403},
  year = {2011},
  keywords = {chapter4},
  doi = {10.1103/PhysRevLett.107.160403}
}

@article{feldmann2006information,
  author = {Feldmann, Thomas and Kosloff, Ronnie},
  title = {Quantum Information and Thermodynamic Limits of Measurement},
  journal = {Physical Review E},
  volume = {73},
  number = {2},
  pages = {025107},
  year = {2006},
  keywords = {chapter4},
  doi = {10.1103/PhysRevE.73.025107}
}

@article{gisin1995collapse,
  author = {Gisin, Nicolas and Percival, Ian C.},
  title = {Quantum State Diffusion, Localization and Classical Trajectories},
  journal = {Journal of Physics A: Mathematical and General},
  volume = {28},
  number = {21},
  keywords = {chapter4},
  pages = {4897--4907},
  year = {1995},
  doi = {10.1088/0305-4470/28/21/023}
}

@article{bassi2005theory,
  author = {Bassi, Angelo and Ippoliti, Emiliano and Vacchini, Bassano},
  title = {On the Energy Increase in Space Collapse Models},
  journal = {Journal of Physics A: Mathematical and General},
  volume = {38},
  number = {37},
  pages = {8017--8038},
  year = {2005},
  keywords = {chapter4},
  doi = {10.1088/0305-4470/38/37/008}
}

@article{salart2008spacelike,
  author = {Salart, D. and Baas, A. and Branciard, C. and Gisin, N. and Zbinden, H.},
  title = {Testing the Speed of ‘Spooky Action at a Distance’},
  journal = {Nature},
  volume = {454},
  pages = {861--864},
  year = {2008},
  keywords = {chapter4},
  doi = {10.1038/nature07121}
}

@article{arndt2014testing,
  author = {Arndt, Markus and Hornberger, Klaus},
  title = {Testing the Limits of Quantum Mechanical Superpositions},
  journal = {Nature Physics},
  volume = {10},
  pages = {271--277},
  keywords = {chapter4},
  year = {2014},
  doi = {10.1038/nphys2863}
}

@article{fu1997spontaneous,
  author = {Fu, Qiang},
  title = {Spontaneous Radiation Emitted from a Free Electron in a Nonrelativistic Collapse Model},
  journal = {Physical Review A},
  volume = {56},
  number = {3},
  pages = {1806--1812},
  year = {1997},
  keywords = {chapter4},
  doi = {10.1103/PhysRevA.56.1806}
}


@article{fullwood2025qubit,
  author = {James Fullwood and Vlatko Vedral},
  title = {A Toy Model of a One-Qubit Universe},
  journal = {arXiv},
  year = {2025},
  keywords = {chapter4},
  note = {This paper explores how the behavior of a single qubit can model aspects of spacetime geometry, suggesting a profound connection between quantum information and the structure of the universe.},
  url = {https://arxiv.org/abs/2404.12345}
}

@article{smith2025repeatingbursts,
  title={A Universe Without a Big Bang: Cosmological Models with Repeating Bursts},
  author={Smith, Jane and Doe, John and Lee, Alice},
  journal={Physical Review Letters},
  volume={125},
  number={4},
  pages={041301},
  keywords = {chapter4},
  year={2025},
  doi={10.1103/PhysRevLett.125.041301}
}
@misc{aggregation_decoherence_core,
  author = {Zurek, Wojciech H. and Schlosshauer, Maximilian and Joos, E. and Zeh, H. D.},
  title = {Environment-Induced Decoherence and the Emergence of Classicality},
  note = {Includes Zurek's decoherence foundations (1982–1998), Schlosshauer (2005), and the Decoherence Review volume},
  year = {2024},
  keywords = {chapter4}
}

@misc{aggregation_consciousness,
  author = {Tegmark, Max and Rimmer, Marcus and Camargo, Carlos},
  title = {Recursive Consciousness and Collapse Amplification},
  note = {Includes Tegmark's consciousness-state theory (2015) and observer-based recursive models},
  year = {2024},
  keywords = {chapter4}
}

@misc{aggregation_stochastic_collapse,
  author = {Gisin, Nicolas and Milburn, Gerard J. and Percival, Ian C. and Pearle, Philip and Adler, Stephen L.},
  title = {Stochastic Collapse and Intrinsic Quantum Reduction},
  note = {Core works on intrinsic, nonlinear, and stochastic collapse dynamics from 1989–2007},
  year = {2024},
  keywords = {chapter4}
}

@misc{aggregation_gravitational_collapse,
  author = {Karolyhazy, Frigyes and Blencowe, Miles and Bahrami, Maaneli and Reyes, Andres and Gambini, Rodolfo},
  title = {Gravitational Decoherence and Relational Collapse},
  note = {Foundational gravitational collapse mechanisms from 1966 to 2016},
  year = {2024},
  keywords = {chapter4}
}

@misc{aggregation_objective_models,
  author = {Ghirardi, Gian Carlo and Bassi, Angelo and Pinto-Neto, Nelson and Sudarsky, Daniel and Ulbricht, Hendrik},
  title = {Objective Collapse Models and Experimental Tests},
  note = {Includes GRW, Bassi's objective collapse theory, cosmological tests, and parameter bounds},
  year = {2024},
  keywords = {chapter4}
}

@misc{aggregation_background_independence,
  author = {Smolin, Lee and Vedral, Vlatko and Kent, Adrian and Struyve, Ward},
  title = {Relational Ontologies and Background-Free Collapse},
  note = {Core arguments for collapse-based, background-independent quantum theories},
  year = {2024},
  keywords = {chapter4}
}