
@article{wheeler_itfrombit,
  title={Information, physics, quantum: The search for links},
  author={Wheeler, John A.},
  journal={Proceedings III International Symposium on Foundations of Quantum Mechanics},
  keywords = {chapter2},
  year={1989}
}

@article{wheeler_delayed_choice,
  title={The 'past' and the 'delayed-choice' double-slit experiment},
  author={Wheeler, John A.},
  journal={Mathematical Foundations of Quantum Theory},
  keywords = {chapter2},
  year={1978}
}

@book{barbour_timeless_universe,
  title={The End of Time: The Next Revolution in Our Understanding of the Universe},
  author={Barbour, Julian},
  publisher={Oxford University Press},
  keywords = {chapter2},
  year={1999}
}


@article{hawking_noboundary_1983,
  title={The no boundary proposal and the origin of time},
  author={Hartle, James B. and Hawking, Stephen W.},
  journal={Physical Review D},
  volume={28},
  number={12},
  pages={2960--2975},
  keywords = {chapter2},
  year={1983},
  doi={10.1103/PhysRevD.28.2960}
}

@article{wick_rotation_qft_1954,
  title={Properties of Bethe–Salpeter Wave Functions},
  author={Wick, Gian-Carlo},
  journal={Physical Review},
  volume={96},
  number={4},
  pages={1124--1134},
  year={1954},
  keywords = {chapter2},
  doi={10.1103/PhysRev.96.1124}
}

@article{instantons_review_2003,
  title={Instantons in quantum mechanics and quantum field theory},
  author={Shuryak, Edward V.},
  journal={Nuclear Physics B},
  volume={203},
  pages={93--112},
  year={2003},
  keywords = {chapter2},
  doi={10.1016/0550-3213(82)90478-3}
}

@article{arxiv_imaginarytime_qc_2021,
  title={Imaginary time evolution on a quantum computer for ground state preparation},
  author={Motta, Mario et al.},
  journal={arXiv preprint},
  year={2021},
  eprint={2102.12260},
  archivePrefix={arXiv},
  keywords = {chapter2},
  primaryClass={quant-ph}
}


@article{connes_rovelli_thermal_1994,
  title={Thermal time and the Tolman-Ehrenfest effect: Temperature as the 'speed' of time},
  author={Connes, Alain and Rovelli, Carlo},
  journal={Classical and Quantum Gravity},
  volume={11},
  number={12},
  pages={2899--2917},
  year={1994},
  keywords = {chapter2},
  doi={10.1088/0264-9381/11/12/007}
}

@article{rovelli_smerlak_tth_2010,
  title={Thermal time and Tolman-Ehrenfest effect: general covariance and the physical meaning of time},
  author={Rovelli, Carlo and Smerlak, Matteo},
  journal={Classical and Quantum Gravity},
  volume={28},
  number={7},
  pages={075007},
  year={2010},
  keywords = {chapter2},
  doi={10.1088/0264-9381/28/7/075007}
}

@article{macintyre_entropy_arrow_2023,
  title={Entropy dynamics and perturbative irreversibility in quantum systems},
  author={MacIntyre, Jason},
  journal={UBC Quantum Thesis Series},
  year={2023},
  note={University of British Columbia},
  keywords = {chapter2},
  url={https://open.library.ubc.ca/media/download/pdf/52966/1.0445041/5}
}

@misc{quanta_entropy_2022,
  title={Physicists Trace the Rise in Entropy to Quantum Information},
  author={Wolchover, Natalie},
  year={2022},
  howpublished={Quanta Magazine},
  keywords = {chapter2},
  url={https://www.quantamagazine.org/physicists-trace-the-rise-in-entropy-to-quantum-information-20220526}
}

@misc{ref_framework_2023,
  title={Recursive Entropy Framework (REF): A Unified Approach to Solving Millennium Problems and Beyond},
  author={Archer, D.},
  year={2023},
  howpublished={Academia.edu},
  keywords = {chapter2},
  url={https://www.academia.edu/127213519/Recursive_Entropy_Framework_REF_A_Unified_Approach_to_Solving_Millennium_Problems_and_Beyond}
}


@article{barbour_shape_dynamics_2011,
  title={Shape Dynamics. An Introduction},
  author={Barbour, Julian},
  journal={arXiv preprint arXiv:1105.0183},
  year={2011},
  keywords = {chapter2},
  url={https://arxiv.org/abs/1105.0183}
}

@article{yamamoto_multisensory_2018,
  title={Optimal multisensory integration leads to optimal time estimation},
  author={Yamamoto, Ken and Kitazawa, Shigeru},
  journal={Scientific Reports},
  volume={8},
  number={1},
  pages={1--9},
  year={2018},
  keywords = {chapter2},
  doi={10.1038/s41598-018-31468-5}
}

@article{penrose1996gravity,
  author = {Penrose, Roger},
  title = {On Gravity’s Role in Quantum State Reduction},
  journal = {General Relativity and Gravitation},
  volume = {28},
  pages = {581--600},
  year = {1996},
  keywords = {chapter2},
  doi = {10.1007/BF02105068}
}

@article{lloyd1989use,
  author = {Lloyd, Seth},
  title = {Use of Mutual Information to Decrease Entropy in Quantum Measurements},
  journal = {Physical Review A},
  volume = {39},
  number = {10},
  pages = {5378--5386},
  year = {1989},
  keywords = {chapter2},
  doi = {10.1103/PhysRevA.39.5378}
}

@article{zurek1981pointer,
  author = {Zurek, Wojciech H.},
  title = {Pointer Basis of Quantum Apparatus: Into What Mixture Does the Wave Packet Collapse?},
  journal = {Physical Review D},
  volume = {24},
  number = {6},
  pages = {1516--1525},
  year = {1981},
  keywords = {chapter2},
  doi = {10.1103/PhysRevD.24.1516}
}

@article{tegmark2000importance,
  author = {Tegmark, Max},
  title = {Importance of Quantum Decoherence in Brain Processes},
  journal = {Physical Review E},
  volume = {61},
  number = {4},
  pages = {4194--4206},
  year = {2000},
  keywords = {chapter2},
  doi = {10.1103/PhysRevE.61.4194}
}

@article{engel2007evidence,
  author = {Engel, Gregory S. and Calhoun, Tessa R. and Read, Elizabeth L. and Ahn, Tae-Kyu and Mancal, Tomas and Cheng, Yuan-Chung and Blankenship, Robert E. and Fleming, Graham R.},
  title = {Evidence for Wavelike Energy Transfer Through Quantum Coherence in Photosynthetic Systems},
  journal = {Nature},
  volume = {446},
  pages = {782--786},
  year = {2007},
  keywords = {chapter2},
  doi = {10.1038/nature05678}
}

@article{halliwell1999decoherence,
  author = {Halliwell, Jonathan J.},
  title = {Decoherent Histories and Hydrodynamic Equations},
  journal = {Physical Review D},
  volume = {60},
  number = {10},
  pages = {105031},
  year = {1999},
  keywords = {chapter2},
  doi = {10.1103/PhysRevD.60.105031}
}

@article{diosi1989models,
  author = {Diósi, Lajos},
  title = {Models for Universal Reduction of Macroscopic Quantum Fluctuations},
  journal = {Physical Review A},
  volume = {40},
  number = {3},
  pages = {1165--1174},
  year = {1989},
  keywords = {chapter2},
  doi = {10.1103/PhysRevA.40.1165}
}

@article{joos1985emergence,
  author = {Joos, E. and Zeh, H. Dieter},
  title = {The Emergence of Classical Properties Through Interaction with the Environment},
  journal = {Zeitschrift für Physik B Condensed Matter},
  volume = {59},
  number = {2},
  pages = {223--243},
  year = {1985},
  keywords = {chapter2},
  doi = {10.1007/BF01725541}
}

@article{bassi2003dynamical,
  author = {Bassi, Angelo and Ghirardi, Gian Carlo},
  title = {Dynamical Reduction Models},
  journal = {Physics Reports},
  volume = {379},
  number = {5-6},
  pages = {257--426},
  year = {2003},
  keywords = {chapter2},
  doi = {10.1016/S0370-1573(03)00103-0}
}

@article{friedenberger2012quantum,
  author = {Friedenberger, Andreas and Lutz, Eric},
  title = {Quantum Fluctuation Theorems Under Measurement and Feedback Control},
  journal = {EPL (Europhysics Letters)},
  volume = {100},
  number = {1},
  pages = {10002},
  year = {2012},
  keywords = {chapter2},
  doi = {10.1209/0295-5075/100/10002}
}
