@misc{chapter_observation,
  author = {Various},
  title = {On Observation, Collapse Resonance, and Quantum Definition},
  year = {2025},
  note = {This meta-citation encompasses foundational studies in measurement theory, observer-dependent collapse, Casimir effect, quantum Zeno boundaries, weak value amplification, and coherence-induced reality. These works support Chapter 3's focus on observation as a physical field interaction rather than psychological abstraction. The full reference mapping is available in Appendix C.}
}
