@article{prigogine1977selforganization,
  author = {Prigogine, Ilya and Nicolis, Gregoire},
  keywords = {chapter8},
  title = {Self-Organization in Nonequilibrium Systems},
  journal = {Wiley},
  year = {1977}
}

@article{haken1983synergetics,
  author = {Haken, Hermann},
  keywords = {chapter8},
  title = {Synergetics: An Introduction},
  journal = {Springer},
  year = {1983}
}

@article{kelso1995dynamicpatterns,
  author = {Kelso, J. A. Scott},
  keywords = {chapter8},
  title = {Dynamic Patterns: The Self-Organization of Brain and Behavior},
  journal = {MIT Press},
  year = {1995}
}

@article{friston2006freeenergy,
  author = {Friston, Karl},
  keywords = {chapter8},
  title = {A Free Energy Principle for the Brain},
  journal = {Journal of Physiology-Paris},
  volume = {100},
  number = {1-3},
  pages = {70--87},
  year = {2006},
  doi = {10.1016/j.jphysparis.2006.10.001}
}

@article{varela1991embodiedmind,
  author = {Varela, Francisco J. and Thompson, Evan and Rosch, Eleanor},
  keywords = {chapter8},
  title = {The Embodied Mind: Cognitive Science and Human Experience},
  journal = {MIT Press},
  year = {1991}
}

@article{kauffman1993origins,
  author = {Kauffman, Stuart},
  keywords = {chapter8},
  title = {The Origins of Order: Self-Organization and Selection in Evolution},
  journal = {Oxford University Press},
  year = {1993}
}

@article{dyson1999origin,
  author = {Dyson, Freeman J.},
  keywords = {chapter8},
  title = {Origins of Life},
  journal = {Cambridge University Press},
  year = {1999}
}

@article{nicolis1989complexity,
  author = {Nicolis, Gregoire},
  keywords = {chapter8},
  title = {Complexity and Self-Organization},
  journal = {Nature},
  volume = {326},
  pages = {523--526},
  year = {1989},
  doi = {10.1038/326523a0}
}

@article{deutsch2012constructor,
  author = {Deutsch, David},
  keywords = {chapter8},
  title = {Constructor Theory},
  journal = {Synthese},
  volume = {190},
  pages = {4331--4359},
  year = {2012},
  doi = {10.1007/s11229-012-0245-x}
}

@article{gros2008complex,
  author = {Gros, Claudius},
  keywords = {chapter8},
  title = {Complex and Adaptive Dynamical Systems: A Primer},
  journal = {Springer},
  year = {2008}
}

@article{grinbaum2015observer,
  author = {Grinbaum, Alexei},
  keywords = {chapter8},
  title = {How Device-Independent Approaches Change the Meaning of Physical Theory},
  journal = {Studies in History and Philosophy of Science Part B},
  volume = {50},
  pages = {19--30},
  year = {2015},
  doi = {10.1016/j.shpsb.2014.11.002}
}

@article{sporns2004motifs,
  author = {Sporns, Olaf and Kotter, Rolf and Tononi, Giulio},
  keywords = {chapter8},
  title = {Motifs in Brain Networks},
  journal = {PLoS Biology},
  volume = {2},
  number = {11},
  pages = {e369},
  year = {2004},
  doi = {10.1371/journal.pbio.0020369}
}

@article{tononi1994complexity,
  author = {Tononi, Giulio and Edelman, Gerald M. and Sporns, Olaf},
  keywords = {chapter8},
  title = {A Measure for Brain Complexity: Relating Functional Segregation and Integration in the Nervous System},
  journal = {Proceedings of the National Academy of Sciences},
  volume = {91},
  pages = {5033--5037},
  year = {1994},
  doi = {10.1073/pnas.91.11.5033}
}

@article{perlovsky2006logic,
  author = {Perlovsky, Leonid},
  keywords = {chapter8},
  title = {Toward Physics of the Mind: Concepts, Emotions, Consciousness, and Symbols},
  journal = {Physics of Life Reviews},
  volume = {3},
  number = {1},
  pages = {23--55},
  year = {2006},
  doi = {10.1016/j.plrev.2006.02.002}
}

@article{fischbach2010longrange,
  author = {Fischbach, Ephraim and Talmadge, C. L.},
  keywords = {chapter8},
  title = {The Search for Non-Newtonian Gravity},
  journal = {Springer},
  year = {2010}
}

@article{rovelli2018meaning,
  author = {Rovelli, Carlo},
  keywords = {chapter8},
  title = {The Order of Time},
  journal = {Riverhead Books},
  year = {2018}
}

@article{barbour1999end,
  author = {Barbour, Julian},
  keywords = {chapter8},
  title = {The End of Time: The Next Revolution in Physics},
  journal = {Oxford University Press},
  year = {1999}
}

@article{wheeler1990information,
  author = {Wheeler, John Archibald},
  keywords = {chapter8},
  title = {Information, Physics, Quantum: The Search for Links},
  journal = {Complexity, Entropy, and the Physics of Information},
  pages = {3--28},
  year = {1990}
}

@article{tegmark2000parallel,
  author = {Tegmark, Max},
  keywords = {chapter8},
  title = {Parallel Universes},
  journal = {Scientific American},
  volume = {284},
  number = {5},
  pages = {40--51},
  year = {2000}
}

@article{page1983time,
  author = {Page, Don N. and Wootters, William K.},
  keywords = {chapter8},
  title = {Evolution Without Evolution: Dynamics Described by Stationary Observables},
  journal = {Physical Review D},
  volume = {27},
  number = {12},
  pages = {2885--2892},
  year = {1983},
  doi = {10.1103/PhysRevD.27.2885}
}

@article{ellis2006arrow,
  author = {Ellis, George F. R.},
  keywords = {chapter8},
  title = {Physics in the Real Universe: Time and Spacetime},
  journal = {General Relativity and Gravitation},
  volume = {38},
  number = {12},
  pages = {1797--1824},
  year = {2006},
  doi = {10.1007/s10714-006-0370-7}
}

@article{hossenfelder2019lost,
  author = {Hossenfelder, Sabine},
  keywords = {chapter8},
  title = {The Lost Time of Physics},
  journal = {Foundations of Physics},
  volume = {49},
  pages = {783--789},
  year = {2019},
  doi = {10.1007/s10701-019-00251-5}
}

@article{leifer2014time,
  author = {Leifer, Matthew S.},
  keywords = {chapter8},
  title = {Is the Quantum State Real? A Review of Ïˆ-Ontology Theorems},
  journal = {Quanta},
  volume = {3},
  pages = {67--155},
  year = {2014}
}

@article{almheiri2013black,
  author = {Almheiri, Ahmed and Marolf, Donald and Polchinski, Joseph and Sully, James},
  keywords = {chapter8},
  title = {Black Holes: Complementarity or Firewalls?},
  journal = {Journal of High Energy Physics},
  volume = {2013},
  number = {2},
  pages = {62},
  year = {2013},
  doi = {10.1007/JHEP02(2013)062}
}

@article{carroll2019arrow,
  author = {Carroll, Sean M.},
  keywords = {chapter8},
  title = {From Eternity to Here: The Quest for the Ultimate Theory of Time},
  journal = {Dutton},
  year = {2010}
}

@article{hartle1983wave,
  author = {Hartle, James B. and Hawking, Stephen W.},
  keywords = {chapter8},
  title = {Wave Function of the Universe},
  journal = {Physical Review D},
  volume = {28},
  number = {12},
  pages = {2960--2975},
  year = {1983},
  doi = {10.1103/PhysRevD.28.2960}
}

@article{zurek2003decoherence,
  author = {Zurek, Wojciech H.},
  keywords = {chapter8},
  title = {Decoherence, Einselection, and the Quantum Origins of the Classical},
  journal = {Reviews of Modern Physics},
  volume = {75},
  number = {3},
  pages = {715--775},
  year = {2003},
  doi = {10.1103/RevModPhys.75.715}
}

@article{vaidman1998collapse,
  author = {Vaidman, Lev},
  keywords = {chapter8},
  title = {Variations on the Theme of the Many-Worlds Interpretation},
  journal = {Foundations of Physics},
  volume = {28},
  number = {6},
  pages = {895--906},
  year = {1998},
  doi = {10.1023/A:1018809901248}
}

@article{weinberg2012lectures,
  author = {Weinberg, Steven},
  keywords = {chapter8},
  title = {Lectures on Quantum Mechanics},
  journal = {Cambridge University Press},
  year = {2012}
}

@article{feynman2010electrons,
  author = {Feynman, Richard P.},
  keywords = {chapter8},
  title = {The Theory of Positrons},
  journal = {Physical Review},
  volume = {76},
  number = {6},
  pages = {749--759},
  year = {1949},
  doi = {10.1103/PhysRev.76.749}
}

@article{tegmark2014consciousness,
  author = {Tegmark, Max},
  keywords = {chapter8},
  title = {Consciousness as a State of Matter},
  journal = {Chaos, Solitons \&Fractals},
  volume = {76},
  pages = {238--270},
  year = {2015},
  doi = {10.1016/j.chaos.2015.03.014}
}

@article{bohm1980implicate,
  author = {Bohm, David},
  keywords = {chapter8},
  title = {Wholeness and the Implicate Order},
  journal = {Routledge},
  year = {1980}
}

@article{ellis2013emergent,
  author = {Ellis, George F. R. and Rothman, Tony and Sudarsky, Daniel},
  keywords = {chapter8},
  title = {Time and Emergence in Quantum Gravity},
  journal = {Foundations of Physics},
  volume = {43},
  number = {3},
  pages = {353--370},
  year = {2013},
  doi = {10.1007/s10701-012-9656-5}
}

@article{markopoulou2009quantum,
  author = {Markopoulou, Fotini},
  keywords = {chapter8},
  title = {Quantum Causal Histories},
  journal = {Classical and Quantum Gravity},
  volume = {17},
  pages = {2059--2072},
  year = {2000},
  doi = {10.1088/0264-9381/17/10/302}
}

@article{hardy2007towards,
  author = {Hardy, Lucien},
  keywords = {chapter8},
  title = {Towards Quantum Gravity: A Framework for Probabilistic Theories with Dynamic Causal Structure},
  journal = {Journal of Physics A: Mathematical and Theoretical},
  volume = {40},
  number = {12},
  pages = {3081--3099},
  year = {2007},
  doi = {10.1088/1751-8113/40/12/S12}
}

@article{dowker2005causal,
  author = {Dowker, Fay},
  keywords = {chapter8},
  title = {Causal Sets and the Deep Structure of Spacetime},
  journal = {100 Years of Relativity: Space-Time Structure: Einstein and Beyond},
  year = {2005},
  pages = {445--464}
}

@article{barbour2012shape,
  author = {Barbour, Julian and Koslowski, Tim and Mercati, Flavio},
  keywords = {chapter8},
  title = {A Gravitational Origin of the Arrows of Time},
  journal = {Physical Review Letters},
  volume = {113},
  number = {18},
  pages = {181101},
  year = {2014},
  doi = {10.1103/PhysRevLett.113.181101}
}

@article{crane1995categorical,
  author = {Crane, Louis},
  keywords = {chapter8},
  title = {Categorical Geometry and the Mathematical Foundations of Quantum Gravity},
  journal = {arXiv preprint},
  eprint = {gr-qc/9504038},
  year = {1995},
  url = {https://arxiv.org/abs/gr-qc/9504038}
}

@article{ashtekar2003background,
  author = {Ashtekar, Abhay and Lewandowski, Jerzy},
  keywords = {chapter8},
  title = {Background Independent Quantum Gravity: A Status Report},
  journal = {Classical and Quantum Gravity},
  volume = {21},
  number = {15},
  pages = {R53},
  year = {2004},
  doi = {10.1088/0264-9381/21/15/R01}
}

@article{isham1992canonical,
  author = {Isham, Christopher J.},
  keywords = {chapter8},
  title = {Canonical Quantum Gravity and the Problem of Time},
  journal = {arXiv preprint},
  eprint = {gr-qc/9210011},
  year = {1992},
  url = {https://arxiv.org/abs/gr-qc/9210011}
}

@article{ghirardi1986unified,
  author = {Ghirardi, G.C. and Rimini, A. and Weber, T.},
  keywords = {chapter8},
  title = {Unified Dynamics for Microscopic and Macroscopic Systems},
  journal = {Physical Review D},
  volume = {34},
  number = {2},
  pages = {470--491},
  year = {1986},
  doi = {10.1103/PhysRevD.34.470}
}

@article{bassi2013models,
  author = {Bassi, Angelo and Lochan, Kinjalk and Satin, Seema and Singh, Tejinder P. and Ulbricht, Hendrik},
  keywords = {chapter8},
  title = {Models of Wave-function Collapse, Underlying Theories, and Experimental Tests},
  journal = {Reviews of Modern Physics},
  volume = {85},
  pages = {471--527},
  year = {2013},
  doi = {10.1103/RevModPhys.85.471}
}

@article{okon2016many,
  author = {Okon, Elias and Sudarsky, Daniel},
  keywords = {chapter8},
  title = {The Many Problems of the Many Worlds Interpretation},
  journal = {Studies in History and Philosophy of Science Part B},
  volume = {52},
  pages = {1--16},
  year = {2015},
  doi = {10.1016/j.shpsb.2015.01.002}
}

@article{penrose1996gravity,
  author = {Penrose, Roger},
  keywords = {chapter8},
  title = {On Gravity's Role in Quantum State Reduction},
  journal = {General Relativity and Gravitation},
  volume = {28},
  number = {5},
  pages = {581--600},
  year = {1996},
  doi = {10.1007/BF02105068}
}

@article{hooft1993dimensional,
  author = {'t Hooft, Gerard},
  keywords = {chapter8},
  title = {Dimensional Reduction in Quantum Gravity},
  journal = {arXiv preprint},
  eprint = {gr-qc/9310026},
  year = {1993},
  url = {https://arxiv.org/abs/gr-qc/9310026}
}

@article{bojo2008loop,
  author = {Bojowald, Martin},
  keywords = {chapter8},
  title = {Loop Quantum Cosmology},
  journal = {Living Reviews in Relativity},
  volume = {11},
  number = {1},
  pages = {4},
  year = {2008},
  doi = {10.12942/lrr-2008-4}
}

@article{bombelli1987space,
  author = {Bombelli, Luca and Lee, Joohan and Meyer, David and Sorkin, Rafael D.},
  keywords = {chapter8},
  title = {Space-Time as a Causal Set},
  journal = {Physical Review Letters},
  volume = {59},
  number = {5},
  pages = {521--524},
  year = {1987},
  doi = {10.1103/PhysRevLett.59.521}
}

@article{barcelo2011analogue,
  author = {BarcelÃ³, Carlos and Liberati, Stefano and Visser, Matt},
  keywords = {chapter8},
  title = {Analogue Gravity},
  journal = {Living Reviews in Relativity},
  volume = {14},
  pages = {3},
  year = {2011},
  doi = {10.12942/lrr-2011-3}
}

@article{bojowald2011universe,
  author = {Bojowald, Martin},
  keywords = {chapter8},
  title = {Quantum Cosmology: A Fundamental Description of the Universe},
  journal = {Springer},
  year = {2011}
}

@article{connes1994noncommutative,
  author = {Connes, Alain},
  keywords = {chapter8},
  title = {Noncommutative Geometry},
  journal = {Academic Press},
  year = {1994}
}

@misc{chapter8_meta,
  author = {Russell, Ryan},
  title = {Meta-Citation for Chapter 8: Retrocausality and the Temporal Lattice},
  year = {2025},
  note = {This chapter explores retrocausality, recursive collapse feedback, bidirectional wavefunction resolution, temporal lattice dynamics, and time crystal formation. It reframes causality through Measurement Field recursion, proposes entropy-based branching collapse, and offers models for delayed-choice and Mandela-type memory realignment. The chapter formalizes collapse time crystals, retroactive projection equations, and defines time as an emergent index of definitional integration.},
  keywords = {chapter8}
}
