@article{bressi2002casimir,
  title={Measurement of the Casimir force between parallel metallic surfaces},
  author={Bressi, G and Carugno, G and Onofrio, R and Ruoso, G},
  journal={Physical Review Letters},
  volume={88},
  number={4},
  keywords = {chapter12},
  pages={041804},
  year={2002},
  publisher={APS}
}

@article{decca2005precise,
  title={Precise comparison of theory and new experiment for the Casimir force leads to stronger constraints on thermal quantum effects and long-range interactions},
  author={Decca, R S and L{\'o}pez, D and Fischbach, E and Klimchitskaya, G L and Krause, D E and Mostepanenko, V M},
  journal={Annals of Physics},
  volume={318},
  number={1},
  keywords = {chapter12},
  pages={37--80},
  year={2005},
  publisher={Elsevier}
}

@article{milton2001casimir,
  title={The Casimir effect: physical manifestations of zero-point energy},
  author={Milton, K A},
  journal={World Scientific},
  keywords = {chapter12},
  year={2001}
}

@article{lamoreaux1997demonstration,
  title={Demonstration of the Casimir force in the 0.6 to 6 Î¼m range},
  author={Lamoreaux, S K},
  journal={Physical Review Letters},
  volume={78},
  number={1},
  keywords = {chapter12},
  pages={5},
  year={1997},
  publisher={APS}
}
