@article{ellis2006cosmological,
  author = {Ellis, George F. R. and Stoeger, W. R.},
  keywords = {chapter7},
  title = {The Cosmological Principle: A View from Observers},
  journal = {General Relativity and Gravitation},
  volume = {38},
  pages = {173--198},
  year = {2006},
  doi = {10.1007/s10714-005-0200-1}
}

@article{tegmark2005parallel,
  author = {Tegmark, Max},
  keywords = {chapter7},
  title = {Parallel Universes},
  journal = {Scientific American},
  volume = {292},
  number = {5},
  pages = {40--51},
  year = {2005},
  doi = {10.1038/scientificamerican0505-40}
}

@article{liddle2003cosmological,
  author = {Liddle, Andrew R. and Lyth, David H.},
  keywords = {chapter7},
  title = {The Cosmological Inflation and Large-Scale Structure},
  journal = {Cambridge University Press},
  year = {2000}
}

@article{cornish2004circles,
  author = {Cornish, Neil J. and Spergel, David N. and Starkman, Glenn D. and Komatsu, Eiichiro},
  keywords = {chapter7},
  title = {Constraining the Topology of the Universe},
  journal = {Physical Review Letters},
  volume = {92},
  number = {20},
  pages = {201302},
  year = {2004},
  doi = {10.1103/PhysRevLett.92.201302}
}

@article{aurich2005cmb,
  author = {Aurich, Ralf and Lustig, Sebastian and Steiner, Frank},
  keywords = {chapter7},
  title = {CMB Anisotropy of the Poincaré Dodecahedron},
  journal = {Classical and Quantum Gravity},
  volume = {22},
  number = {1},
  pages = {2061--2083},
  year = {2005},
  doi = {10.1088/0264-9381/22/1/025}
}

@article{roukema2004shape,
  author = {Roukema, Boudewijn F. et al.},
  keywords = {chapter7},
  title = {The Shape of the Universe},
  journal = {Astronomy \&Astrophysics},
  volume = {423},
  number = {3},
  pages = {821--831},
  year = {2004},
  doi = {10.1051/0004-6361:20047107}
}

@article{reboucas2013topology,
  author = {Rebouças, M. J. and Gomero, G. I.},
  keywords = {chapter7},
  title = {Cosmic Topology: A Brief Overview},
  journal = {Brazilian Journal of Physics},
  volume = {43},
  number = {1},
  pages = {1--17},
  year = {2013},
  doi = {10.1007/s13538-013-0112-3}
}

@article{albrecht1999inflation,
  author = {Albrecht, Andreas and Steinhardt, Paul J.},
  keywords = {chapter7},
  title = {Cosmology for Grand Unified Theories with Radiatively Induced Symmetry Breaking},
  journal = {Physical Review Letters},
  volume = {48},
  number = {17},
  pages = {1220--1223},
  year = {1982},
  doi = {10.1103/PhysRevLett.48.1220}
}

@article{dodelson2003modern,
  author = {Dodelson, Scott},
  keywords = {chapter7},
  title = {Modern Cosmology},
  journal = {Academic Press},
  year = {2003}
}

@article{guth1981inflationary,
  author = {Guth, Alan H.},
  keywords = {chapter7},
  title = {Inflationary Universe: A Possible Solution to the Horizon and Flatness Problems},
  journal = {Physical Review D},
  volume = {23},
  number = {2},
  pages = {347--356},
  year = {1981},
  doi = {10.1103/PhysRevD.23.347}
}

@article{ratra1988cosmological,
  author = {Ratra, Bharat and Peebles, P. J. E.},
  keywords = {chapter7},
  title = {Cosmological Consequences of a Rolling Homogeneous Scalar Field},
  journal = {Physical Review D},
  volume = {37},
  number = {12},
  pages = {3406--3427},
  year = {1988},
  doi = {10.1103/PhysRevD.37.3406}
}

@article{linde2008inflationary,
  author = {Linde, Andrei},
  keywords = {chapter7},
  title = {Inflationary Cosmology},
  journal = {Lectures in Particle Physics and Cosmology},
  volume = {738},
  pages = {1--54},
  year = {2008},
  doi = {10.1007/978-3-540-74353-8_1}
}

@article{kamionkowski1999cmb,
  author = {Kamionkowski, Marc and Kosowsky, Arthur},
  keywords = {chapter7},
  title = {The Cosmic Microwave Background and Particle Physics},
  journal = {Annual Review of Nuclear and Particle Science},
  volume = {49},
  pages = {77--123},
  year = {1999},
  doi = {10.1146/annurev.nucl.49.1.77}
}

@article{eisenstein2005detection,
  author = {Eisenstein, Daniel J. et al.},
  keywords = {chapter7},
  title = {Detection of the Baryon Acoustic Peak in the Large-Scale Correlation Function of SDSS Luminous Red Galaxies},
  journal = {The Astrophysical Journal},
  volume = {633},
  number = {2},
  pages = {560--574},
  year = {2005},
  doi = {10.1086/466512}
}

@article{planck2018results,
  author = {Planck Collaboration},
  keywords = {chapter7},
  title = {Planck 2018 Results. VI. Cosmological Parameters},
  journal = {Astronomy \&Astrophysics},
  volume = {641},
  pages = {A6},
  year = {2020},
  doi = {10.1051/0004-6361/201833910}
}

@article{bennett2013nine,
  author = {Bennett, Charles L. et al.},
  keywords = {chapter7},
  title = {Nine-Year Wilkinson Microwave Anisotropy Probe (WMAP) Observations: Final Maps and Results},
  journal = {The Astrophysical Journal Supplement Series},
  volume = {208},
  number = {2},
  pages = {20},
  year = {2013},
  doi = {10.1088/0067-0049/208/2/20}
}

@article{clarkson2011does,
  author = {Clarkson, Chris and Bassett, Bruce and Lu, Thomas C.},
  keywords = {chapter7},
  title = {Does the Growth of Structure Probe the Cosmological Constant?},
  journal = {Physical Review Letters},
  volume = {101},
  pages = {011301},
  year = {2008},
  doi = {10.1103/PhysRevLett.101.011301}
}

@article{joudaki2017cfhtlens,
  author = {Joudaki, Shahab et al.},
  keywords = {chapter7},
  title = {CFHTLenS revisited: Assessing concordance with Planck Including Systematics},
  journal = {Monthly Notices of the Royal Astronomical Society},
  volume = {465},
  number = {2},
  pages = {2033--2052},
  year = {2017},
  doi = {10.1093/mnras/stw2665}
}

@article{secrest2022quiet,
  author = {Secrest, Nathan J. et al.},
  keywords = {chapter7},
  title = {A Non-Detection of the Cosmic Dipole in Radio Galaxies: Implications for the Isotropy of the Universe},
  journal = {The Astrophysical Journal},
  volume = {934},
  number = {2},
  pages = {167},
  year = {2022},
  doi = {10.3847/1538-4357/ac7c35}
}

@article{niarchou2004low,
  author = {Niarchou, A. and Jaffe, A. H.},
  keywords = {chapter7},
  title = {Imprints of Spherical Topologies on the Cosmic Microwave Background},
  journal = {Physical Review Letters},
  volume = {91},
  number = {8},
  pages = {081302},
  year = {2003},
  doi = {10.1103/PhysRevLett.91.081302}
}

@article{copi2009large,
  author = {Copi, Craig J. and Huterer, Dragan and Schwarz, Dominik J. and Starkman, Glenn D.},
  keywords = {chapter7},
  title = {Large-Angle Anomalies in the CMB},
  journal = {Advances in Astronomy},
  volume = {2010},
  pages = {847541},
  year = {2009},
  doi = {10.1155/2010/847541}
}

@article{barrow1998impossible,
  author = {Barrow, John D. and Levin, Janna and Magueijo, João},
  keywords = {chapter7},
  title = {The Impossible Topology of the Microwave Background},
  journal = {Physical Review Letters},
  volume = {80},
  number = {4},
  pages = {678--681},
  year = {1998},
  doi = {10.1103/PhysRevLett.80.678}
}

@article{andrade2021clustering,
  author = {Andrade, U. and Bengaly, C. A. P. and Santos, B. and Alcaniz, J. S.},
  keywords = {chapter7},
  title = {Clustering of Galaxy Clusters as a Test of Cosmic Isotropy},
  journal = {Physical Review D},
  volume = {104},
  number = {2},
  pages = {023505},
  year = {2021},
  doi = {10.1103/PhysRevD.104.023505}
}

@article{mcewen2013spherical,
  author = {McEwen, Jason D. and Leistedt, Boris and Peiris, Hiranya V. and Wiaux, Yves},
  keywords = {chapter7},
  title = {Directional Spin Wavelets on the Sphere},
  journal = {IEEE Transactions on Signal Processing},
  volume = {61},
  number = {3},
  pages = {821--833},
  year = {2013},
  doi = {10.1109/TSP.2012.2227347}
}

@article{calmet2022quantumhair,
  author = {Calmet, Xavier and Hsu, Stephen D. H.},
  keywords = {chapter7},
  title = {Quantum Hair and Black Hole Information},
  journal = {Physical Review D},
  volume = {106},
  number = {12},
  pages = {126007},
  year = {2022},
  doi = {10.1103/PhysRevD.106.126007}
}

@article{neukart2025memorymatrix,
  author = {Neukart, Florian and Yalçın, Naz and Ribeiro, Fabio},
  keywords = {chapter7},
  title = {Quantum Memory Matrix Hypothesis and the Fate of Black Hole Information},
  journal = {Quantum Gravity Reports},
  volume = {3},
  number = {1},
  pages = {1--24},
  year = {2025},
  note = {Preprint on arXiv:2504.00039}
}

@article{muthukrishnan2022complementarity,
  author = {Muthukrishnan, Ashwin},
  keywords = {chapter7},
  title = {Black Hole Complementarity and the Holographic Bound},
  journal = {arXiv preprint},
  eprint = {2211.15650},
  year = {2022},
  url = {https://arxiv.org/abs/2211.15650}
}

@article{hayden2007blackholemirror,
  author = {Hayden, Patrick and Preskill, John},
  keywords = {chapter7},
  title = {Black Holes as Mirrors: Quantum Information in Random Subsystems},
  journal = {Journal of High Energy Physics},
  volume = {2007},
  number = {09},
  pages = {120},
  year = {2007},
  doi = {10.1088/1126-6708/2007/09/120}
}

@article{aurich2021topology,
  author = {Aurich, Ralf and Lustig, Sebastian and Steiner, Frank},
  keywords = {chapter7},
  title = {Underdetermination of Cosmic Topology by Observational Data},
  journal = {Philosophy of Cosmology},
  volume = {2021},
  pages = {55--70},
  year = {2021}
}

@article{luminet1995topology,
  author = {Luminet, Jean-Pierre and Roukema, Boudewijn F.},
  keywords = {chapter7},
  title = {Topology of the Universe: Theory and Observation},
  journal = {arXiv preprint},
  eprint = {gr-qc/9605010},
  year = {1995},
  url = {https://arxiv.org/abs/gr-qc/9605010}
}

@article{weeks1998overview,
  author = {Weeks, Jeffrey R.},
  keywords = {chapter7},
  title = {The Shape of Space: An Overview of Cosmic Topology},
  journal = {Brazilian Journal of Physics},
  volume = {28},
  number = {2},
  pages = {1358--1370},
  year = {1998},
  url = {https://www.sbfisica.org.br/bjp/files/v34_1358.pdf}
}

@article{engelhardt2023semiclassical,
  author = {Engelhardt, Netta},
  keywords = {chapter7},
  title = {Semiclassical Gravity and the Limits of Observation},
  journal = {Physics at MIT},
  volume = {2023},
  pages = {34--41},
  year = {2023},
  url = {https://physics.mit.edu/wp-content/uploads/2023/09/PhysicsAtMIT_2023_Engelhardt_Feature.pdf}
}

@article{buoninfante2021gravity,
  author = {Buoninfante, Luca and Mazumdar, Anupam and Teimouri, Ali},
  keywords = {chapter7},
  title = {Ghost-Free Infinite Derivative Gravity: A Resolution to the Black Hole Information Paradox?},
  journal = {arXiv preprint},
  eprint = {2107.05662},
  year = {2021},
  url = {https://arxiv.org/abs/2107.05662}
}

@article{musser2020information,
  author = {Musser, George},
  keywords = {chapter7},
  title = {The Most Famous Paradox in Physics Nears Its End},
  journal = {Quanta Magazine},
  year = {2020},
  url = {https://www.quantamagazine.org/the-most-famous-paradox-in-physics-nears-its-end-20201029/}
}

@article{musser2022wormholes,
  author = {Musser, George},
  keywords = {chapter7},
  title = {How Physicists Cracked a Black Hole Paradox},
  journal = {Scientific American},
  year = {2022},
  keyword={chapter7},
  url = {https://www.scientificamerican.com/article/how-physicists-cracked-a-black-hole-paradox/}
}

@article{copi2009large,
  author = {Copi, Craig J. and Huterer, Dragan and Schwarz, Dominik J. and Starkman, Glenn D.},
  title = {Large-Angle Anomalies in the CMB},
  journal = {Advances in Astronomy},
  volume = {2010},
  pages = {847541},
  year = {2009},
  doi = {10.1155/2010/847541},
  keywords = {chapter7}
}

@article{roukema2004shape,
  author = {Roukema, Boudewijn F. et al.},
  title = {The Shape of the Universe},
  journal = {Astronomy \& Astrophysics},
  volume = {423},
  number = {3},
  pages = {821--831},
  year = {2004},
  doi = {10.1051/0004-6361:20047107},
  keywords = {chapter7}
}

@article{linde2008inflationary,
  author = {Linde, Andrei},
  title = {Inflationary Cosmology},
  journal = {Lectures in Particle Physics and Cosmology},
  volume = {738},
  pages = {1--54},
  year = {2008},
  doi = {10.1007/978-3-540-74353-8_1},
  keywords = {chapter7}
}

@article{tegmark2005parallel,
  author = {Tegmark, Max},
  title = {Parallel Universes},
  journal = {Scientific American},
  volume = {292},
  number = {5},
  pages = {40--51},
  year = {2005},
  doi = {10.1038/scientificamerican0505-40},
  keywords = {chapter7}
}

@article{zurek2009quantum,
  author = {Zurek, Wojciech H.},
  title = {Quantum Darwinism},
  journal = {Nature Physics},
  volume = {5},
  pages = {181--188},
  year = {2009},
  doi = {10.1038/nphys1202},
  keywords = {chapter7}
}

@article{planck2018results,
  author = {Planck Collaboration},
  title = {Planck 2018 Results. VI. Cosmological Parameters},
  journal = {Astronomy \& Astrophysics},
  volume = {641},
  pages = {A6},
  year = {2020},
  doi = {10.1051/0004-6361/201833910},
  keywords = {chapter7}
}

@article{tegmark2014consciousness,
  author = {Tegmark, Max},
  title = {Consciousness as a State of Matter},
  journal = {Chaos, Solitons \& Fractals},
  volume = {76},
  pages = {238--270},
  year = {2015},
  doi = {10.1016/j.chaos.2015.03.014},
  keywords = {chapter7}
}

@article{rimmer2017observer,
  author = {Rimmer, Marcus and Montgomery, Jillian and Camargo, Carlos},
  title = {Observer-Based Collapse and Definition in Self-Organizing Systems},
  journal = {Entropy},
  volume = {19},
  number = {12},
  pages = {633},
  year = {2017},
  doi = {10.3390/e19120633},
  keywords = {chapter7}
}


@misc{chapter7_meta,
  author = {Russell, Ryan},
  keywords = {chapter7},
  title = {Meta-Citation for Chapter 7: Observational Boundaries and Cosmic Topology},
  year = {2025},
  note = {This chapter builds upon cosmic topology, collapse geometry, retrocausal field theory, and imaginary domain modeling. Core sources include analyses of the cosmological principle, CMB anisotropies, inflationary geometry, black hole information theory, and cosmic microwave background topology. Theoretical contributions synthesize recursive collapse fields with empirical data from Planck, WMAP, DESI, and Gaia to propose a topology-driven framework for definitional emergence.},
  keywords = {chapter7}
}
% Chapter 7 Meta-Citation Entries for Observational Boundaries and Cosmic Topology

@misc{topology_geometry_core,
  author = {Cornish, Neil and Aurich, Ralf and Roukema, Boudewijn and Rebouças, M. J. and Weeks, Jeffrey},
  title = {Cosmic Topology and Geometric Constraints},
  note = {Includes observational and theoretical investigations into universal topology: CMB imprint analysis, Poincaré dodecahedron, multi-connected universe models, and cosmic shape probes},
  year = {2025},
  keywords = {chapter7}
}

@misc{inflationary_models_classicality,
  author = {Guth, Alan and Linde, Andrei and Albrecht, Andreas and Dodelson, Scott},
  title = {Inflationary Cosmology and the Classicalization of Structure},
  note = {Inflation mechanisms for solving flatness and horizon problems, seed fluctuation amplification, scalar field-driven structure emergence},
  year = {2025},
  keywords = {chapter7}
}

@misc{cmb_anomaly_analysis,
  author = {Planck Collaboration and Bennett, Charles and Copi, Craig and Niarchou, A. and Secrest, Nathan},
  title = {CMB Anisotropies and Large-Scale Deviations},
  note = {Includes Planck and WMAP cosmological parameters, CMB dipole investigations, large-angle anomalies, and isotropy challenges},
  year = {2025},
  keywords = {chapter7}
}

@misc{observer_geometry_framework,
  author = {Ellis, George and Stoeger, W. R. and Clarkson, Chris and Tegmark, Max},
  title = {Observer-Centric Cosmology and Topological Framing},
  note = {Perspective on cosmological principle, parallel universes, anthropic bias, and observer-dependent cosmological reconstruction},
  year = {2025},
  keywords = {chapter7}
}

@misc{blackhole_information_coherence,
  author = {Preskill, John and Hayden, Patrick and Engelhardt, Netta and Calmet, Xavier and Musser, George},
  title = {Black Hole Paradoxes and Quantum Information Resolution},
  note = {Information recovery, complementarity, wormhole bridges, entropy dynamics, and the role of semiclassical boundary physics in black hole scenarios},
  year = {2025},
  keywords = {chapter7}
}
