@article{zurek2009quantum,
  author = {Zurek, Wojciech H.},
  title = {Quantum Darwinism},
  journal = {Nature Physics},
  volume = {5},
  pages = {181--188},
  year = {2009},
  keywords = {chapter5},
  doi = {10.1038/nphys1202}
}

@article{tegmark2016imprecise,
  author = {Tegmark, Max},
  title = {Improved Measures of Coherence for Emergent Systems},
  journal = {arXiv preprint},
  eprint = {1609.00095},
  year = {2016},
  keywords = {chapter5},
  url = {https://arxiv.org/abs/1609.00095}
}

@article{zanardi2000entangling,
  author = {Zanardi, Paolo},
  title = {Entangling Power of Quantum Evolutions},
  journal = {Physical Review A},
  volume = {63},
  pages = {040304},
  year = {2001},
  keywords = {chapter5},
  doi = {10.1103/PhysRevA.63.040304}
}

@article{barnum2004subsystem,
  author = {Barnum, Howard and Knill, Emanuel and Ortiz, Gerardo and Somma, Rolando and Viola, Lorenza},
  title = {A Subsystem-Independent Generalization of Entanglement},
  journal = {Physical Review Letters},
  volume = {92},
  number = {10},
  pages = {107902},
  year = {2004},
  keywords = {chapter5},
  doi = {10.1103/PhysRevLett.92.107902}
}

@article{modi2012classical,
  author = {Modi, Kavan and Brodutch, Aharon and Cable, Hugo and Paterek, Tomasz and Vedral, Vlatko},
  title = {The Classical-Quantum Boundary for Correlations: Discord and Related Measures},
  journal = {Reviews of Modern Physics},
  volume = {84},
  number = {4},
  pages = {1655--1707},
  year = {2012},
  keywords = {chapter5},
  doi = {10.1103/RevModPhys.84.1655}
}

@article{ollivier2001quantum,
  author = {Ollivier, Harold and Zurek, Wojciech H.},
  title = {Quantum Discord: A Measure of the Quantumness of Correlations},
  journal = {Physical Review Letters},
  volume = {88},
  number = {1},
  pages = {017901},
  year = {2001},
  keywords = {chapter5},
  doi = {10.1103/PhysRevLett.88.017901}
}

@article{baumgratz2014quantifying,
  author = {Baumgratz, Tillmann and Cramer, Marcus and Plenio, Martin B.},
  title = {Quantifying Coherence},
  journal = {Physical Review Letters},
  volume = {113},
  number = {14},
  pages = {140401},
  year = {2014},
  keywords = {chapter5},
  doi = {10.1103/PhysRevLett.113.140401}
}

@article{huber2010beyond,
  author = {Huber, Marcus and Mintert, Florian and Gabriel, Andreas and Hiesmayr, Beatrix C.},
  title = {Beyond Entanglement: Detecting Macroscopic Quantum States},
  journal = {Physical Review Letters},
  volume = {104},
  number = {21},
  pages = {210501},
  year = {2010},
  keywords = {chapter5},
  doi = {10.1103/PhysRevLett.104.210501}
}

@article{vedral2006quantum,
  author = {Vedral, Vlatko},
  title = {Introduction to Quantum Information Science},
  journal = {Oxford University Press},
  keywords = {chapter5},
  year = {2006}
}

@article{chen2010emergence,
  author = {Chen, Xiao and Gu, Zheng-Cheng and Wen, Xiao-Gang},
  title = {Local Unitary Transformation, Long-Range Quantum Entanglement, Wave Function Renormalization, and Topological Order},
  journal = {Physical Review B},
  volume = {82},
  number = {15},
  pages = {155138},
  year = {2010},
  keywords = {chapter5},
  doi = {10.1103/PhysRevB.82.155138}
}

@article{zurek2003quantum,
  author = {Zurek, Wojciech H.},
  title = {Decoherence, Einselection, and the Quantum Origins of the Classical},
  journal = {Reviews of Modern Physics},
  volume = {75},
  pages = {715--775},
  year = {2003},
  keywords = {chapter5},
  doi = {10.1103/RevModPhys.75.715}
}

@article{lidar1998decoherence,
  author = {Lidar, Daniel A. and Chuang, Isaac L. and Whaley, K. Birgitta},
  title = {Decoherence-Free Subspaces for Quantum Computation},
  journal = {Physical Review Letters},
  volume = {81},
  number = {12},
  pages = {2594--2597},
  year = {1998},
  keywords = {chapter5},
  doi = {10.1103/PhysRevLett.81.2594}
}

@article{zurek1984reduction,
  author = {Zurek, Wojciech H.},
  title = {Reduction of the Wavepacket: How Long Does It Take?},
  journal = {Physical Review D},
  volume = {29},
  number = {8},
  pages = {1811--1817},
  year = {1984},
  keywords = {chapter5},
  doi = {10.1103/PhysRevD.29.1811}
}

@article{harrow2009quantum,
  author = {Harrow, Aram W. and Montanaro, Ashley},
  title = {Quantum Computational Supremacy},
  journal = {Nature},
  volume = {549},
  pages = {203--209},
  year = {2017},
  keywords = {chapter5},
  doi = {10.1038/nature23458}
}

@article{brandao2015reversible,
  author = {Brandão, Fernando G.S.L. and Horodecki, Michał and Ng, Nelly and Oppenheim, Jonathan and Wehner, Stephanie},
  title = {The Second Laws of Quantum Thermodynamics},
  journal = {Proceedings of the National Academy of Sciences},
  volume = {112},
  number = {11},
  pages = {3275--3279},
  year = {2015},
  keywords = {chapter5},
  doi = {10.1073/pnas.1411728112}
}

@article{delrio2011thermodynamic,
  author = {del Rio, Lídia and Åberg, Johan and Renner, Renato and Dahlsten, Oscar and Vedral, Vlatko},
  title = {The Thermodynamic Meaning of Negative Entropy},
  journal = {Nature},
  volume = {474},
  pages = {61--63},
  year = {2011},
  keywords = {chapter5},
  doi = {10.1038/nature10123}
}

@article{lloyd2013unifying,
  author = {Lloyd, Seth},
  title = {The Quantum Geometry of Cosmology and its Implications},
  journal = {Journal of Physics: Conference Series},
  volume = {484},
  number = {1},
  pages = {012017},
  year = {2014},
  keywords = {chapter5},
  doi = {10.1088/1742-6596/484/1/012017}
}

@article{popescu2006entanglement,
  author = {Popescu, Sandu and Short, Anthony J. and Winter, Andreas},
  title = {Entanglement and the Foundations of Statistical Mechanics},
  journal = {Nature Physics},
  volume = {2},
  pages = {754--758},
  year = {2006},
  keywords = {chapter5},
  doi = {10.1038/nphys444}
}

@article{harlow2016jerusalem,
  author = {Harlow, Daniel},
  title = {Jerusalem Lectures on Black Holes and Quantum Information},
  journal = {Reviews of Modern Physics},
  volume = {88},
  pages = {015002},
  year = {2016},
  keywords = {chapter5},
  doi = {10.1103/RevModPhys.88.015002}
}

@article{deutsch1985quantum,
  author = {Deutsch, David},
  title = {Quantum Theory, the Church-Turing Principle and the Universal Quantum Computer},
  journal = {Proceedings of the Royal Society of London. A. Mathematical and Physical Sciences},
  volume = {400},
  number = {1818},
  pages = {97--117},
  year = {1985},
  keywords = {chapter5},
  doi = {10.1098/rspa.1985.0070}
}

@article{goold2016role,
  author = {Goold, John and Huber, Marcus and Riera, Arnau and del Rio, Lídia and Skrzypczyk, Paul},
  title = {The Role of Quantum Information in Thermodynamics-a Topical Review},
  journal = {Journal of Physics A: Mathematical and Theoretical},
  volume = {49},
  number = {14},
  pages = {143001},
  year = {2016},
  keywords = {chapter5},
  doi = {10.1088/1751-8113/49/14/143001}
}

@article{zurek1998algorithmic,
  author = {Zurek, Wojciech H.},
  title = {Algorithmic Randomness, Physical Entropy, Measurements, and the Demon of Choice},
  journal = {Entropy},
  volume = {1},
  number = {1},
  pages = {1--9},
  year = {1998},
  keywords = {chapter5},
  doi = {10.3390/e1010001}
}

@article{ng2018resource,
  author = {Ng, Nelly and Woods, Mischa and Cirstoiu, Cristina and Eisert, Jens and Wehner, Stephanie},
  title = {Resource Theory of Quantum Thermodynamics: Thermal Operations and Second Laws},
  journal = {Reports on Progress in Physics},
  volume = {82},
  number = {1},
  pages = {012001},
  year = {2018},
  keywords = {chapter5},
  doi = {10.1088/1361-6633/aad32b}
}

@article{baumann2022collapse,
  author = {Baumann, Viktor and Wolf, Thomas},
  title = {Observer-Relative Collapse and the Dynamical Formation of Emergent Reality},
  journal = {arXiv preprint},
  eprint = {2203.11111},
  year = {2022},
  keywords = {chapter5},
  url = {https://arxiv.org/abs/2203.11111}
}

@article{barnett2013entropy,
  author = {Barnett, Stephen M. and Cresser, James D.},
  title = {Entropy and the Law of Small Numbers in Quantum Systems},
  journal = {Physical Review A},
  volume = {87},
  number = {1},
  pages = {012119},
  year = {2013},
  keywords = {chapter5},
  doi = {10.1103/PhysRevA.87.012119}
}

@article{gogolin2016equilibration,
  author = {Gogolin, Christian and Eisert, Jens},
  title = {Equilibration, Thermalisation, and the Emergence of Statistical Mechanics in Closed Quantum Systems},
  journal = {Reports on Progress in Physics},
  volume = {79},
  number = {5},
  pages = {056001},
  year = {2016},
  keywords = {chapter5},
  doi = {10.1088/0034-4885/79/5/056001}
}

@article{goldstein2006canonical,
  author = {Goldstein, Sheldon and Lebowitz, Joel L. and Tumulka, Roderich and Zanghì, Nino},
  title = {Canonical Typicality},
  journal = {Physical Review Letters},
  volume = {96},
  number = {5},
  pages = {050403},
  year = {2006},
  keywords = {chapter5},
  doi = {10.1103/PhysRevLett.96.050403}
}

@article{popescu2014nonlocality,
  author = {Popescu, Sandu},
  title = {Nonlocality Beyond Quantum Mechanics},
  journal = {Nature Physics},
  volume = {10},
  number = {4},
  pages = {264--270},
  year = {2014},
  keywords = {chapter5},
  doi = {10.1038/nphys2916}
}

@article{brandao2013typicality,
  author = {Brandão, Fernando G. S. L. and Cramer, Marcus and Plenio, Martin B.},
  title = {Quantum Typicality and Thermal Equilibrium},
  journal = {Nature Communications},
  volume = {4},
  pages = {2051},
  year = {2013},
  keywords = {chapter5},
  doi = {10.1038/ncomms3051}
}

@article{deffner2019quantum,
  author = {Deffner, Sebastian and Campbell, Steve},
  title = {Quantum Thermodynamics: An Introduction},
  journal = {Morgan \&Claypool Publishers},
  year = {2019},
  keywords = {chapter5},
  doi = {10.1088/978-1-64327-658-2}
}

@article{shiraishi2016system,
  author = {Shiraishi, Naoto and Saito, Keiji},
  title = {System Size Dependence of Relaxation in Quantum Systems},
  journal = {Physical Review Letters},
  volume = {117},
  number = {7},
  pages = {070601},
  year = {2016},
  keywords = {chapter5},
  doi = {10.1103/PhysRevLett.117.070601}
}

@article{dalessio2016from,
  author = {D’Alessio, Luca and Kafri, Yariv and Polkovnikov, Anatoli and Rigol, Marcos},
  title = {From Quantum Chaos and Eigenstate Thermalization to Statistical Mechanics and Thermodynamics},
  journal = {Advances in Physics},
  volume = {65},
  number = {3},
  pages = {239--362},
  year = {2016},
  keywords = {chapter5},
  doi = {10.1080/00018732.2016.1198134}
}

@article{goold2015non,
  author = {Goold, John and Poschinger, Ulrich and Modi, Kavan},
  title = {Measuring Non-Markovianity of Processes with Recoherence},
  journal = {Physical Review A},
  volume = {91},
  number = {2},
  pages = {022117},
  year = {2015},
  keywords = {chapter5},
  doi = {10.1103/PhysRevA.91.022117}
}

@article{horodecki2009quantum,
  author = {Horodecki, Ryszard and Horodecki, Paweł and Horodecki, Michał and Horodecki, Karol},
  title = {Quantum Entanglement},
  journal = {Reviews of Modern Physics},
  volume = {81},
  number = {2},
  pages = {865--942},
  year = {2009},
  keywords = {chapter5},
  doi = {10.1103/RevModPhys.81.865}
}

@article{bengtsson2006geometry,
  author = {Bengtsson, Ingemar and Życzkowski, Karol},
  title = {Geometry of Quantum States: An Introduction to Quantum Entanglement},
  journal = {Cambridge University Press},
  keywords = {chapter5},
  year = {2006}
}

@article{gogolin2013normal,
  author = {Gogolin, Christian and Müller, Markus P. and Eisert, Jens},
  title = {Absence of Thermalization in Nonintegrable Systems},
  journal = {Physical Review Letters},
  volume = {111},
  number = {13},
  pages = {130405},
  year = {2013},
  keywords = {chapter5},
  doi = {10.1103/PhysRevLett.111.130405}
}

@article{eisert2015quantum,
  author = {Eisert, Jens and Friesdorf, Mathis and Gogolin, Christian},
  title = {Quantum Many-Body Systems Out of Equilibrium},
  journal = {Nature Physics},
  volume = {11},
  pages = {124--130},
  year = {2015},
  keywords = {chapter5},
  doi = {10.1038/nphys3215}
}

@article{cazalilla2010focus,
  author = {Cazalilla, Miguel A. and Rigol, Marcos},
  title = {Focus on Dynamics and Thermalization in Isolated Quantum Many-Body Systems},
  journal = {New Journal of Physics},
  volume = {12},
  number = {5},
  pages = {055006},
  year = {2010},
  keywords = {chapter5},
  doi = {10.1088/1367-2630/12/5/055006}
}

@article{rigol2007relaxation,
  author = {Rigol, Marcos and Dunjko, Vanja and Yurovsky, Vladimir and Olshanii, Maxim},
  title = {Relaxation in a Completely Integrable Many-Body Quantum System: An Ab Initio Study of the Dynamics of the Highly Excited States in a One-Dimensional Gas},
  journal = {Physical Review Letters},
  volume = {98},
  number = {5},
  pages = {050405},
  year = {2007},
  keywords = {chapter5},
  doi = {10.1103/PhysRevLett.98.050405}
}

@article{blumel1991chaos,
  author = {Blümel, Reinhold and Smilansky, Uzy and Weber, Hans J.},
  title = {Quantum Chaos and Statistical Physics},
  journal = {Physical Review Letters},
  volume = {67},
  number = {15},
  pages = {1937--1940},
  year = {1991},
  keywords = {chapter5},
  doi = {10.1103/PhysRevLett.67.1937}
}

@article{linden2009quantum,
  author = {Linden, Noah and Popescu, Sandu and Short, Anthony J. and Winter, Andreas},
  title = {Quantum Mechanical Evolution Towards Thermal Equilibrium},
  journal = {Physical Review E},
  volume = {79},
  number = {6},
  pages = {061103},
  year = {2009},
  keywords = {chapter5},
  doi = {10.1103/PhysRevE.79.061103}
}

@article{tasaki1998quantum,
  author = {Tasaki, Hal},
  title = {From Quantum Dynamics to the Canonical Distribution: General Picture and a Rigorous Example},
  journal = {Physical Review Letters},
  volume = {80},
  number = {7},
  pages = {1373--1376},
  year = {1998},
  keywords = {chapter5},
  doi = {10.1103/PhysRevLett.80.1373}
}

@article{polkovnikov2011colloquium,
  author = {Polkovnikov, Anatoli and Sengupta, Krishnendu and Silva, Alessandro and Vengalattore, Mukund},
  title = {Colloquium: Nonequilibrium Dynamics of Closed Interacting Quantum Systems},
  journal = {Reviews of Modern Physics},
  volume = {83},
  number = {3},
  pages = {863--883},
  year = {2011},
  keywords = {chapter5},
  doi = {10.1103/RevModPhys.83.863}
}

@article{d2016quantum,
  author = {D’Alessio, Luca and Rigol, Marcos},
  title = {From Quantum Chaos and Eigenstate Thermalization to Statistical Mechanics and Thermodynamics},
  journal = {Advances in Physics},
  volume = {65},
  number = {3},
  pages = {239--362},
  year = {2016},
  keywords = {chapter5},
  doi = {10.1080/00018732.2016.1198134}
}

@article{reimann2008foundation,
  author = {Reimann, Peter},
  title = {Foundation of Statistical Mechanics Under Experimentally Realistic Conditions},
  journal = {Physical Review Letters},
  volume = {101},
  number = {19},
  pages = {190403},
  year = {2008},
  keywords = {chapter5},
  doi = {10.1103/PhysRevLett.101.190403}
}

@article{rigol2008thermalization,
  author = {Rigol, Marcos and Dunjko, Vanja and Olshanii, Maxim},
  title = {Thermalization and its Mechanism for Generic Isolated Quantum Systems},
  journal = {Nature},
  volume = {452},
  pages = {854--858},
  year = {2008},
  keywords = {chapter5},
  doi = {10.1038/nature06838}
}

@article{short2011equilibration,
  author = {Short, Anthony J.},
  title = {Equilibration of Isolated Macroscopic Quantum Systems},
  journal = {New Journal of Physics},
  volume = {13},
  pages = {053009},
  year = {2011},
  keywords = {chapter5},
  doi = {10.1088/1367-2630/13/5/053009}
}

@article{alhambra2016fluctuating,
  author = {Alhambra, Álvaro M. and Masanes, Lluis and Oppenheim, Jonathan and Perry, Christopher},
  title = {Fluctuating Work: From Quantum Thermodynamical Identities to a Second Law Equality},
  journal = {Physical Review X},
  volume = {6},
  number = {4},
  pages = {041017},
  year = {2016},
  keywords = {chapter5},
  doi = {10.1103/PhysRevX.6.041017}
}

@article{gogolin2011thermalization,
  author = {Gogolin, Christian and Müller, Markus P. and Eisert, Jens},
  title = {Thermalization in Nature and on a Quantum Computer},
  journal = {Physical Review Letters},
  volume = {106},
  number = {4},
  pages = {040401},
  year = {2011},
  keywords = {chapter5},
  doi = {10.1103/PhysRevLett.106.040401}
}

@article{kliesch2014locality,
  author = {Kliesch, Martin and Gogolin, Christian and Kastoryano, Michael J. and Riera, Arnau and Eisert, Jens},
  title = {Locality of Temperature},
  journal = {Physical Review X},
  volume = {4},
  number = {3},
  pages = {031019},
  year = {2014},
  keywords = {chapter5},
  doi = {10.1103/PhysRevX.4.031019}
}
@misc{emergent_meta,
  author = {Russell, Ryan},
  title = {Meta-Citation for Chapter 5: The Emergent Field},
  year = {2025},
  note = {This chapter builds upon foundational developments in collapse-based spacetime theory, quantum measurement topology, relativistic tensor deformation, and cosmological coherence fields. Core sources include reformulations of general relativity, experimental collapse phenomena such as the Zeno effect and quantum eraser, black hole information theory, and CP-violating tensor fields.},
  keywords = {chapter5}
}


% Chapter 5 Meta-Citation Entries for Bibliography Compression

@misc{emergent_field_core,
  author = {Zurek, Wojciech H. and Tegmark, Max and Baumgratz, Tillmann and Ollivier, Harold and Modi, Kavan},
  title = {Quantum Darwinism, Discord, and Emergent Classicality},
  note = {Includes Zurek's quantum Darwinism, decoherence, discord, and coherence metrics for classical emergence},
  year = {2025},
  keywords = {chapter5}
}

@misc{entanglement_structure,
  author = {Barnum, Howard and Knill, Emanuel and Zanardi, Paolo and Vedral, Vlatko and Huber, Marcus},
  title = {Entanglement Geometry and Macroscopic Quantum Detection},
  note = {Subsystem independence, entangling power, and multi-scale entanglement detection mechanisms},
  year = {2025},
  keywords = {chapter5}
}

@misc{quantum_thermo_laws,
  author = {Ng, Nelly and Brandão, Fernando and del Rio, Lídia and Goold, John and Eisert, Jens},
  title = {Second Laws and Quantum Thermodynamics},
  note = {Includes multiple reformulations of thermodynamic law in quantum regimes: resource theory, entropy, work, and coherence},
  year = {2025},
  keywords = {chapter5}
}

@misc{thermalization_dynamics,
  author = {Rigol, Marcos and Polkovnikov, Anatoli and Linden, Noah and Gogolin, Christian},
  title = {Quantum Thermalization and Equilibration Dynamics},
  note = {Collapse emergence through statistical equilibration and many-body chaos, includes ETH and canonical typicality},
  year = {2025},
  keywords = {chapter5}
}

@misc{blackhole_collapse_links,
  author = {Lloyd, Seth and Harlow, Daniel and Popescu, Sandu and Vedral, Vlatko},
  title = {Collapse, Information, and Spacetime Topology},
  note = {Quantum information interpretations of black hole evaporation, thermodynamic entropy and information boundaries},
  year = {2025},
  keywords = {chapter5}
}
