@misc{aggregation_meta,
  title = {Meta-Citation for Chapter 4: Aggregation and Observational Field Theory},
  author = {Ryan Russell},
  year = {2025},
  note = {This citation aggregates foundational and recent theoretical contributions that underpin the concept of observational recursion and classical emergence through measurement saturation.}
}
