@article{rovelli1996relational,
  author = {Carlo Rovelli},
  keywords = {chapter8},
  title = {Relational Quantum Mechanics},
  journal = {International Journal of Theoretical Physics},
  volume = {35},
  number = {8},
  pages = {1637--1678},
  year = {1996}
}

@article{tegmark1998manyworlds,
  author = {Max Tegmark},
  keywords = {chapter8},
  title = {The Interpretation of Quantum Mechanics: Many Worlds or Many Words?},
  journal = {Fortschritte der Physik},
  volume = {46},
  number = {6-8},
  pages = {855--862},
  year = {1998}
}

@article{page1983time,
  author = {Don Page and William Wootters},
  keywords = {chapter8},
  title = {Evolution Without Evolution: Dynamics Described by Stationary Observables},
  journal = {Physical Review D},
  volume = {27},
  pages = {2885},
  year = {1983}
}

@article{clowe2006direct,
  author = {Douglas Clowe et al.},
  keywords = {chapter8},
  title = {A Direct Empirical Proof of the Existence of Dark Matter},
  journal = {The Astrophysical Journal Letters},
  volume = {648},
  number = {2},
  pages = {L109--L113},
  year = {2006}
}

@article{riess1998observational,
  author = {Adam G. Riess et al.},
  keywords = {chapter8},
  title = {Observational Evidence from Supernovae for an Accelerating Universe and a Cosmological Constant},
  journal = {The Astronomical Journal},
  volume = {116},
  number = {3},
  pages = {1009--1038},
  year = {1998}
}

@article{wilczek2012quantum,
  author = {Frank Wilczek},
  keywords = {chapter8},
  title = {Quantum Time Crystals},
  journal = {Physical Review Letters},
  volume = {109},
  number = {16},
  pages = {160401},
  year = {2012}
}

@article{aharonov2010time,
  author = {Yakir Aharonov and others},
  keywords = {chapter8},
  title = {Time Symmetry and the Collapse of the Wave Function},
  journal = {Physical Review A},
  volume = {82},
  pages = {052110},
  year = {2010}
}

@article{ghirardi1986unified,
  author = {Ghirardi, Rimini, and Weber},
  keywords = {chapter8},
  title = {Unified dynamics for microscopic and macroscopic systems},
  journal = {Physical Review D},
  volume = {34},
  number = {2},
  pages = {470},
  year = {1986}
}

@article{bekenstein1973black,
  author = {Jacob D. Bekenstein},
  keywords = {chapter8},
  title = {Black holes and entropy},
  journal = {Physical Review D},
  volume = {7},
  number = {8},
  pages = {2333--2346},
  year = {1973}
}

@article{zurek2003decoherence,
  author = {Wojciech H. Zurek},
  keywords = {chapter8},
  title = {Decoherence, Einselection, and the Quantum Origins of the Classical},
  journal = {Reviews of Modern Physics},
  volume = {75},
  number = {3},
  pages = {715--775},
  year = {2003}
}

@article{susskind1995world,
  author = {Leonard Susskind},
  keywords = {chapter8},
  title = {The World as a Hologram},
  journal = {Journal of Mathematical Physics},
  volume = {36},
  pages = {6377},
  year = {1995}
}

@article{gisin2014collapse,
  author = {Nicolas Gisin},
  keywords = {chapter8},
  title = {Collapse and quantum non-locality},
  journal = {Journal of Physics A: Mathematical and Theoretical},
  volume = {47},
  number = {9},
  pages = {095301},
  year = {2014}
}

@book{penrose2004road,
  author = {Roger Penrose},
  keywords = {chapter8},
  title = {The Road to Reality: A Complete Guide to the Laws of the Universe},
  publisher = {Jonathan Cape},
  year = {2004}
}

@article{bombelli1987space,
  author = {Luca Bombelli et al.},
  keywords = {chapter8},
  title = {Space-time as a causal set},
  journal = {Physical Review Letters},
  volume = {59},
  pages = {521},
  year = {1987}
}

@article{joos1985emergence,
  author = {E. Joos and H.D. Zeh},
  keywords = {chapter8},
  title = {The emergence of classical properties through interaction with the environment},
  journal = {Zeitschrift f√ºr Physik B Condensed Matter},
  volume = {59},
  pages = {223--243},
  year = {1985}
}

@book{barbour1999end,
  author = {Julian Barbour},
  keywords = {chapter8},
  title = {The End of Time},
  publisher = {Oxford University Press},
  year = {1999}
}

@article{ashtekar2004background,
  author = {Abhay Ashtekar and Jerzy Lewandowski},
  keywords = {chapter8},
  title = {Background independent quantum gravity: A status report},
  journal = {Classical and Quantum Gravity},
  volume = {21},
  number = {15},
  pages = {R53},
  year = {2004}
}

@article{connes1994noncommutative,
  author = {Alain Connes},
  keywords = {chapter8},
  title = {Noncommutative geometry and physics},
  journal = {Communications in Mathematical Physics},
  volume = {182},
  pages = {155--176},
  year = {1996}
}

@article{bombelli1989semiclassical,
  author = {Luca Bombelli and Roger J. Torrence},
  keywords = {chapter8},
  title = {Semiclassical physics and quantum fluctuations},
  journal = {Physical Review D},
  volume = {40},
  pages = {2513--2517},
  year = {1989}
}

@article{ambjorn2001dynamically,
  author = {Jan Ambjorn, Jerzy Jurkiewicz, and Renate Loll},
  keywords = {chapter8},
  title = {Dynamically triangulating Lorentzian quantum gravity},
  journal = {Nuclear Physics B},
  volume = {610},
  pages = {347--382},
  year = {2001}
}

@article{schlosshauer2005decoherence,
  author = {Maximilian Schlosshauer},
  keywords = {chapter8},
  title = {Decoherence, the measurement problem, and interpretations of quantum mechanics},
  journal = {Reviews of Modern Physics},
  volume = {76},
  pages = {1267--1305},
  year = {2005}
}

@article{penrose1996gravity,
  author = {Roger Penrose},
  keywords = {chapter8},
  title = {On gravity's role in quantum state reduction},
  journal = {General Relativity and Gravitation},
  volume = {28},
  pages = {581--600},
  year = {1996}
}

@article{diosi1989models,
  author = {Lajos Di{\'o}si},
  title = {Models for universal reduction of macroscopic quantum fluctuations},
  journal = {Physical Review A},
  volume = {40},
  pages = {1165},
  year = {1989}
}

@article{ghirardi1990markov,
  author = {Ghirardi, Pearle, and Rimini},
  keywords = {chapter8},
  title = {Markov processes in Hilbert space and continuous spontaneous localization of systems of identical particles},
  journal = {Physical Review A},
  volume = {42},
  number = {1},
  pages = {78--89},
  year = {1990}
}

@article{cramer1986transactional,
  author = {John G. Cramer},
  keywords = {chapter8},
  title = {The transactional interpretation of quantum mechanics},
  journal = {Reviews of Modern Physics},
  volume = {58},
  number = {3},
  pages = {647},
  year = {1986}
}

@article{wharton2010time,
  author = {Ken Wharton},
  keywords = {chapter8},
  title = {Time-symmetric quantum mechanics},
  journal = {Foundations of Physics},
  volume = {40},
  pages = {313--332},
  year = {2010}
}

@book{isham1993canonical,
  author = {C.J. Isham},
  keywords = {chapter8},
  title = {Canonical Quantum Gravity and the Problem of Time},
  publisher = {NATO ASI Series},
  year = {1993}
}

@article{smolin2009temporal,
  author = {Lee Smolin},
  keywords = {chapter8},
  title = {The case for the universe being fundamentally relational and temporal},
  journal = {arXiv preprint arXiv:0904.3848},
  year = {2009}
}

@book{misner1973gravitation,
  author = {Charles W. Misner and Kip S. Thorne and John Archibald Wheeler},
  keywords = {chapter8},
  title = {Gravitation},
  publisher = {W. H. Freeman},
  year = {1973}
}

@article{witten1995string,
  author = {Edward Witten},
  keywords = {chapter8},
  title = {String theory dynamics in various dimensions},
  journal = {Nuclear Physics B},
  volume = {443},
  pages = {85--126},
  year = {1995}
}

@article{almheiri2013black,
  author = {Ahmed Almheiri and Donald Marolf and Joseph Polchinski and James Sully},
  keywords = {chapter8},
  title = {Black holes: complementarity or firewalls?},
  journal = {Journal of High Energy Physics},
  volume = {2013},
  number = {2},
  pages = {1--20},
  year = {2013}
}

@article{hartle1983wave,
  author = {J.B. Hartle and Stephen W. Hawking},
  keywords = {chapter8},
  title = {Wave function of the universe},
  journal = {Physical Review D},
  volume = {28},
  number = {12},
  pages = {2960},
  year = {1983}
}

@article{loll2019quantum,
  author = {Renate Loll},
  keywords = {chapter8},
  title = {Quantum gravity from causal dynamical triangulations: A review},
  journal = {Classical and Quantum Gravity},
  volume = {37},
  number = {1},
  pages = {013002},
  year = {2020}
}

@article{maldacena1999large,
  author = {Juan Maldacena},
  keywords = {chapter8},
  title = {The large N limit of superconformal field theories and supergravity},
  journal = {International Journal of Theoretical Physics},
  volume = {38},
  number = {4},
  pages = {1113--1133},
  year = {1999}
}

@article{tegmark2000importance,
  author = {Max Tegmark},
  keywords = {chapter8},
  title = {Importance of quantum decoherence in brain processes},
  journal = {Physical Review E},
  volume = {61},
  number = {4},
  pages = {4194},
  year = {2000}
}

@article{hossenfelder2010minimal,
  author = {Sabine Hossenfelder},
  keywords = {chapter8},
  title = {Minimal length scale scenarios for quantum gravity},
  journal = {Living Reviews in Relativity},
  volume = {16},
  number = {1},
  pages = {1--90},
  year = {2013}
}

@article{gambini2009relational,
  author = {Rodolfo Gambini and Jorge Pullin},
  keywords = {chapter8},
  title = {Relational physics with real rods and clocks and the measurement problem of quantum mechanics},
  journal = {Foundations of Physics},
  volume = {39},
  pages = {1143--1155},
  year = {2009}
}

@article{isham1989quantum,
  author = {Chris J. Isham},
  keywords = {chapter8},
  title = {Quantum logic and the histories approach to quantum theory},
  journal = {Journal of Mathematical Physics},
  volume = {35},
  pages = {2157},
  year = {1994}
}

@article{barrett1999quantum,
  author = {Jonathan Barrett},
  keywords = {chapter8},
  title = {Quantum Mechanics as a Theory of Probabilistic Inference},
  journal = {arXiv preprint quant-ph/9904070},
  year = {1999}
}

@article{dowker2005causal,
  author = {Fay Dowker},
  keywords = {chapter8},
  title = {Causal sets and the deep structure of spacetime},
  journal = {100 Years of Relativity: Space-time Structure‚ÄìEinstein and Beyond},
  pages = {445--464},
  year = {2005}
}

@article{vaidman1998collapse,
  author = {Lev Vaidman},
  keywords = {chapter8},
  title = {Variations on the Theme of the Many-Worlds Interpretation},
  journal = {Foundations of Physics},
  volume = {28},
  number = {6},
  pages = {895--906},
  year = {1998}
}

@article{bell1964einstein,
  author = {John S. Bell},
  keywords = {chapter8},
  title = {On the Einstein Podolsky Rosen Paradox},
  journal = {Physics Physique –§–∏–∑–∏–∫–∞},
  volume = {1},
  number = {3},
  pages = {195},
  year = {1964}
}

@article{barrett2003quantum,
  author = {Jonathan Barrett and Adrian Kent},
  keywords = {chapter8},
  title = {Quantum nonlocality, Bell inequalities, and the memory loophole},
  journal = {Physical Review A},
  volume = {67},
  number = {6},
  pages = {062312},
  year = {2003}
}

@article{zurek1981pointer,
  author = {Wojciech H. Zurek},
  keywords = {chapter8},
  title = {Pointer basis of quantum apparatus: Into what mixture does the wave packet collapse?},
  journal = {Physical Review D},
  volume = {24},
  number = {6},
  pages = {1516},
  year = {1981}
}

@article{thooft1993dimensional,
  author = {'t Hooft, Gerard},
  keywords = {chapter8},
  title = {Dimensional reduction in quantum gravity},
  journal = {arXiv preprint gr-qc/9310026},
  year = {1993}
}

@article{hardy2001quantum,
  author = {Lucien Hardy},
  keywords = {chapter8},
  title = {Quantum theory from five reasonable axioms},
  journal = {arXiv preprint quant-ph/0101012},
  year = {2001}
}

@article{brukner2009information,
  author = {Caslav Brukner and Anton Zeilinger},
  keywords = {chapter8},
  title = {Information invariance and quantum probabilities},
  journal = {Foundations of Physics},
  volume = {39},
  number = {7},
  pages = {677--689},
  year = {2009}
}

@article{spekkens2007evidence,
  author = {Robert W. Spekkens},
  keywords = {chapter8},
  title = {Evidence for the epistemic view of quantum states: A toy theory},
  journal = {Physical Review A},
  volume = {75},
  number = {3},
  pages = {032110},
  year = {2007}
}

@article{pawlowski2009information,
  author = {Marcin Pawlowski et al.},
  keywords = {chapter8},
  title = {Information causality as a physical principle},
  journal = {Nature},
  volume = {461},
  number = {7267},
  pages = {1101--1104},
  year = {2009}
}

@article{popescu1994quantum,
  author = {Sandu Popescu and Daniel Rohrlich},
  keywords = {chapter8},
  title = {Quantum nonlocality as an axiom},
  journal = {Foundations of Physics},
  volume = {24},
  number = {3},
  pages = {379--385},
  year = {1994}
}