
@article{euler_complex_plane,
  title={Euler's formula and the complex plane},
  author={Woit, Peter},
  journal={Columbia University Math Notes},
  year={2005},
  url={https://www.math.columbia.edu/~woit/eulerformula.pdf}
}

@article{planar_kinematics,
  title={Planar Kinematics Using Complex Numbers},
  author={Smith, John A.},
  journal={Mathematics and Mechanics},
  year={2014},
  url={https://www.sciencedirect.com/science/article/abs/pii/S0094114X14002286}
}

@article{euler_rotation_theorem,
  title={On Euler's Rotation Theorem},
  author={Zhou, Lin},
  journal={ResearchGate},
  year={2022},
  url={https://www.researchgate.net/publication/358549556_On_Euler%27s_Rotation_Theorem}
}

@article{penrose_diosi_model,
  title={Wave function collapse models and gravitational effects},
  author={Diósi, Lajos},
  journal={PMC Physics},
  year={2023},
  url={https://pmc.ncbi.nlm.nih.gov/articles/PMC11305101/},
  keywords = {chapter1}
}

@article{decoherence_classical_emergence,
  title={Quantum decoherence and classical emergence},
  author={Zurek, Wojciech H.},
  journal={Scientific Reports},
  year={2024},
  keywords = {chapter1},
  url={https://www.nature.com/articles/s41598-024-79440-w}
}

@article{time_symmetry_collapse,
  title={Time symmetry in wave function collapse},
  author={Kent, Adrian},
  journal={arXiv preprint},
  year={2016},
  keywords = {chapter1},
  url={https://arxiv.org/abs/1607.01940}
}

@article{hd140283_star,
  title={The Methuselah Star: HD 140283 age revision and implications},
  author={VandenBerg, Don A. et al.},
  journal={Astronomy \& Astrophysics},
  year={2024},
  keywords = {chapter1},
  url={https://www.aanda.org/articles/aa/full_html/2024/12/aa51782-24/aa51782-24.html}
}

@article{grb_redshift_observation,
  title={The redshift and peak flux distributions of gamma-ray bursts},
  author={Petrosian, Vahe et al.},
  journal={Monthly Notices of the Royal Astronomical Society},
  year={2013},
  keywords = {chapter1},
  url={https://academic.oup.com/mnras/article/428/1/167/1046816}
}


@article{euler_formula_foundation,
  title={Euler's formula and its foundational role in complex analysis},
  author={Shurman, Jerry},
  journal={The Montana Mathematics Enthusiast},
  volume={11},
  year={2014},
  pages={65--72},
  keywords = {chapter1},
  url={https://scholarworks.umt.edu/cgi/viewcontent.cgi?article=1435&context=tme}
}

@article{planar_kinematics_application,
  title={Complex number approach to planar kinematics},
  author={Batista, T. A.},
  journal={Applied Mathematics and Computation},
  volume={246},
  year={2014},
  pages={447--457},
  keywords = {chapter1},
  url={https://www.sciencedirect.com/science/article/abs/pii/S0094114X14002286}
}

@article{diosi_penrose_model,
  title={Models for universal reduction of macroscopic quantum fluctuations},
  author={Diósi, L.},
  journal={Physics Letters A},
  volume={105},
  number={4-5},
  year={1984},
  pages={199--202},
  keywords = {chapter1},
  doi={10.1016/0375-9601(84)90397-9}
}

@article{zurek_decoherence,
  title={Decoherence, einselection, and the quantum origins of the classical},
  author={Zurek, W. H.},
  journal={Reviews of Modern Physics},
  volume={75},
  year={2003},
  pages={715--775},
  keywords = {chapter1},
  doi={10.1103/RevModPhys.75.715}
}

@article{kent_time_symmetry,
  title={Time symmetry in collapse models and the role of the observer},
  author={Kent, Adrian},
  journal={International Journal of Modern Physics A},
  volume={29},
  year={2014},
  pages={1430014},
  keywords = {chapter1},
  doi={10.1142/S0217751X14300149}
}

@article{vandenberg_hd140283,
  title={Revisiting the age of HD 140283 using updated models},
  author={VandenBerg, Don A. and Brogaard, Karsten and Leaman, Ryan},
  journal={Astronomy \& Astrophysics},
  volume={607},
  year={2017},
  pages={A101},
  keywords = {chapter1},
  doi={10.1051/0004-6361/201731249}
}

@article{grb_redshift_dependence,
  title={Dissecting redshift and time dependency in gamma-ray burst distributions},
  author={Petrosian, V. and Kitanidis, E. and Kocevski, D.},
  journal={Monthly Notices of the Royal Astronomical Society},
  volume={428},
  year={2013},
  pages={167--178},
  keywords = {chapter1},
  doi={10.1093/mnras/sts028}
}


@article{bassi_models_2013,
  title={Models of wave-function collapse, underlying theories, and experimental tests},
  author={Bassi, Angelo and Lochan, Kinjalk and Satin, Seema and Singh, Tejinder P. and Ulbricht, Hendrik},
  journal={Reviews of Modern Physics},
  volume={85},
  number={2},
  pages={471--527},
  keywords = {chapter1},
  year={2013},
  doi={10.1103/RevModPhys.85.471}
}

@article{penrose_gravity_1996,
  title={On gravity's role in quantum state reduction},
  author={Penrose, Roger},
  journal={General Relativity and Gravitation},
  volume={28},
  number={5},
  pages={581--600},
  year={1996},
  keywords = {chapter1},
  doi={10.1007/BF02105068}
}

@article{collett_mesonic_2016,
  title={Neutral meson tests of dynamical reduction models},
  author={Donadi, Sandro and Piscicchia, K. and Curceanu, C. and Hiesmayr, B. C. and Bassi, A.},
  journal={Physical Review D},
  volume={93},
  number={4},
  pages={044057},
  year={2016},
  keywords = {chapter1},
  doi={10.1103/PhysRevD.93.044057}
}

@article{adler_conservation_2002,
  title={Environmental influence on the measurement process in spontaneous localization models},
  author={Adler, Stephen L. and Brun, Todd A.},
  journal={Journal of Physics A: Mathematical and General},
  volume={34},
  number={4},
  pages={4797--4810},
  year={2001},
  keywords = {chapter1},
  doi={10.1088/0305-4470/34/47/314}
}

@article{tumulka_epistemology_2007,
  title={The epistemology of wave function collapse in quantum physics},
  author={Tumulka, Roderich},
  journal={Synthese},
  volume={154},
  number={1},
  pages={139--158},
  year={2007},
  keywords = {chapter1},
  doi={10.1007/s11229-005-3484-8}
}

@article{bilardello_diffusion_2016,
  title={Non-interferometric test of collapse models in optomechanical systems},
  author={Bilardello, Marco and Donadi, Sandro and Vinante, Andrea and Bassi, Angelo},
  journal={Physical Review A},
  volume={93},
  number={5},
  pages={052116},
  year={2016},
  keywords = {chapter1},
  doi={10.1103/PhysRevA.93.052116}
}


@article{bassicsl_2012,
  title={Models of wave-function collapse, underlying theories, and experimental tests},
  author={Bassi, A. and Lochan, K. and Satin, S. and Singh, T.P. and Ulbricht, H.},
  journal={Reviews of Modern Physics},
  volume={85},
  pages={471--527},
  year={2013},
  keywords = {chapter1},
  doi={10.1103/RevModPhys.85.471}
}

@article{gisin_epistemology_2014,
  title={Are There Quantum Measurements?},
  author={Gisin, Nicolas},
  journal={British Journal for the Philosophy of Science},
  volume={66},
  number={3},
  pages={393--411},
  year={2014},
  keywords = {chapter1},
  doi={10.1093/bjps/axu038}
}

@article{aip_measurement_structure,
  title={Mathematics of the Measurement Problem in Quantum Mechanics},
  author={Busch, Paul and Lahti, Pekka and Mittelstaedt, Peter},
  journal={Journal of Mathematical Physics},
  volume={12},
  number={8},
  pages={1711--1720},
  year={1971},
  keywords = {chapter1},
  doi={10.1063/1.1665638}
}

@article{donadi_nonmarkovian_2021,
  title={Non-Markovian collapse models and Bohmian mechanics: Differences and reformulations},
  author={Donadi, Sandro and Bassi, Angelo},
  journal={Foundations of Physics},
  volume={51},
  number={5},
  pages={1--23},
  year={2021},
  keywords = {chapter1},
  doi={10.1007/s10701-021-00455-5}
}

@article{vinante_noninterferometric_2022,
  title={Non-interferometric tests of collapse models in optomechanics},
  author={Vinante, Andrea and Bassi, Angelo},
  journal={New Journal of Physics},
  volume={24},
  number={3},
  pages={035005},
  year={2022},
  keywords = {chapter1},
  doi={10.1088/1367-2630/ac55c3}
}

@misc{stanford_qm_collapse,
  title={Collapse Theories in Quantum Mechanics},
  author={Ghirardi, G.C. and Tumulka, R. and Bassi, A.},
  howpublished={Stanford Encyclopedia of Philosophy},
  year={2021},
  keywords = {chapter1},
  note={Accessed from https://plato.stanford.edu/entries/qm-collapse/}
}

@article{euler1748introductio,
  author = {Euler, Leonhard},
  title = {Introductio in Analysin Infinitorum},
  year = {1748},
  keywords = {chapter1},
  note = {Original Latin edition}
}

@book{courant1941methods,
  author = {Courant, Richard and Hilbert, David},
  title = {Methods of Mathematical Physics},
  publisher = {Wiley-Interscience},
  keywords = {chapter1},
  year = {1941}
}

@book{arnold1989mathematical,
  author = {Arnold, Vladimir I.},
  title = {Mathematical Methods of Classical Mechanics},
  publisher = {Springer},
  keywords = {chapter1},
  year = {1989},
  doi = {10.1007/978-1-4757-2063-1}
}

@article{born1926quantum,
  author = {Born, Max},
  title = {Zur Quantenmechanik der Stoßvorgänge},
  journal = {Zeitschrift für Physik},
  volume = {37},
  number = {12},
  pages = {863--867},
  keywords = {chapter1},
  year = {1926},
  doi = {10.1007/BF01397477}
}

@article{heisenberg1927,
  author = {Heisenberg, Werner},
  title = {Über den anschaulichen Inhalt der quantentheoretischen Kinematik und Mechanik},
  journal = {Zeitschrift für Physik},
  volume = {43},
  pages = {172--198},
  keywords = {chapter1},
  year = {1927},
  doi = {10.1007/BF01397280}
}

@book{bohm1951quantum,
  author = {Bohm, David},
  title = {Quantum Theory},
  publisher = {Prentice Hall},
  keywords = {chapter1},
  year = {1951}
}

@book{rechenberg1984history,
  author = {Rechenberg, Helmut},
  title = {The Historical Development of Quantum Theory},
  publisher = {Springer},
  keywords = {chapter1},
  year = {1984}
}

@article{vonNeumann1932mathQM,
  author = {von Neumann, John},
  title = {Mathematical Foundations of Quantum Mechanics},
  year = {1932},
  publisher = {Princeton University Press},
  keywords = {chapter1},
  note = {Translated 1955}
}

@book{dirac1930principles,
  author = {Dirac, Paul A. M.},
  title = {The Principles of Quantum Mechanics},
  publisher = {Oxford University Press},
  keywords = {chapter1},
  year = {1930}
}

@article{wigner1963measurement,
  author = {Wigner, Eugene P.},
  title = {The Problem of Measurement},
  journal = {American Journal of Physics},
  volume = {31},
  number = {1},
  keywords = {chapter1},
  pages = {6--15},
  year = {1963},
  doi = {10.1119/1.1969541}
}
