
@incollection{wheeler_it_from_bit,
  author    = {John Archibald Wheeler},
  title     = {Information, Physics, Quantum: The Search for Links},
  booktitle = {Complexity, Entropy, and the Physics of Information},
  editor    = {Wojciech H. Zurek},
  publisher = {Addison-Wesley},
  year      = {1990},
  keywords = {chapter3},
  pages     = {3--28}
}

@article{aharonov_two_state,
  author    = {Yakir Aharonov and Eliahu Cohen and Eyal Gruss and Tomer Landsberger},
  title     = {Measurement and collapse within the two-state vector formalism},
  journal   = {Quantum Studies: Mathematics and Foundations},
  volume    = {1},
  number    = {2},
  pages     = {133--146},
  year      = {2014},
  keywords = {chapter3},
  doi       = {10.1007/s40509-014-0011-9}
}

@book{penrose_road_to_reality,
  author    = {Roger Penrose},
  title     = {The Road to Reality: A Complete Guide to the Laws of the Universe},
  publisher = {Jonathan Cape},
  keywords = {chapter3},
  year      = {2004}
}

@article{fewster_measurement_qft,
  author    = {Christopher J. Fewster and Rainer Verch},
  title     = {Measurement in Quantum Field Theory},
  journal   = {arXiv preprint},
  eprint    = {2304.13356},
  year      = {2023},
  keywords = {chapter3},
  url       = {https://arxiv.org/abs/2304.13356}
}

@article{pearle_collapse_quantized,
  author    = {Philip Pearle},
  title     = {Completely Quantized Collapse and Consequences},
  journal   = {arXiv preprint},
  eprint    = {quant-ph/0506177},
  year      = {2005},
  keywords = {chapter3},
  url       = {https://arxiv.org/abs/quant-ph/0506177}
}

@article{fuchs2010qbism,
  author = {Fuchs, Christopher A. and Mermin, N. David and Schack, Rüdiger},
  title = {An Introduction to QBism with an Application to the Locality of Quantum Mechanics},
  journal = {American Journal of Physics},
  volume = {82},
  number = {8},
  pages = {749--754},
  year = {2014},
  keywords = {chapter3},
  doi = {10.1119/1.4874855}
}

@article{brukner2009quantum,
  author = {Brukner, Časlav and Zeilinger, Anton},
  title = {Information Invariance and Quantum Probabilities},
  journal = {Foundations of Physics},
  volume = {39},
  number = {7},
  pages = {677--689},
  year = {2009},
  keywords = {chapter3},
  doi = {10.1007/s10701-009-9291-0}
}

@article{barrett2007information,
  author = {Barrett, Jonathan},
  title = {Information Processing in Generalized Probabilistic Theories},
  journal = {Physical Review A},
  volume = {75},
  number = {3},
  pages = {032304},
  year = {2007},
  keywords = {chapter3},
  doi = {10.1103/PhysRevA.75.032304}
}

@article{leifer2014time,
  author = {Leifer, Matthew S. and Pusey, Matthew F.},
  title = {Is a Time-Symmetric Interpretation of Quantum Theory Possible Without Retrocausality?},
  journal = {Proceedings of the Royal Society A},
  volume = {473},
  number = {2202},
  year = {2017},
  keywords = {chapter3},
  doi = {10.1098/rspa.2016.0607}
}

@article{hardy2001quantum,
  author = {Hardy, Lucien},
  title = {Quantum Theory From Five Reasonable Axioms},
  journal = {arXiv preprint},
  eprint = {quant-ph/0101012},
  year = {2001},
  keywords = {chapter3},
  url = {https://arxiv.org/abs/quant-ph/0101012}
}

@article{page1983sensible,
  author = {Page, Don N.},
  title = {The Born Rule Dies},
  journal = {arXiv preprint},
  eprint = {quant-ph/9904004},
  year = {1999},
  keywords = {chapter3},
  url = {https://arxiv.org/abs/quant-ph/9904004}
}

@article{spekkens2007epistemic,
  author = {Spekkens, Robert W.},
  title = {Evidence for the Epistemic View of Quantum States: A Toy Theory},
  journal = {Physical Review A},
  volume = {75},
  number = {3},
  pages = {032110},
  year = {2007},
  keywords = {chapter3},
  doi = {10.1103/PhysRevA.75.032110}
}

@article{bohr1935can,
  author = {Bohr, Niels},
  title = {Can Quantum-Mechanical Description of Physical Reality Be Considered Complete?},
  journal = {Physical Review},
  volume = {48},
  pages = {696--702},
  year = {1935},
  keywords = {chapter3},
  doi = {10.1103/PhysRev.48.696}
}

@article{healey2012quantum,
  author = {Healey, Richard},
  title = {Quantum Theory: A Pragmatist Approach},
  journal = {British Journal for the Philosophy of Science},
  volume = {63},
  number = {4},
  pages = {729--771},
  year = {2012},
  keywords = {chapter3},
  doi = {10.1093/bjps/axr052}
}

@article{peres1996opinion,
  author = {Peres, Asher},
  title = {Quantum Theory: Concepts and Methods},
  journal = {Foundations of Physics},
  year = {1996},
  volume = {26},
  pages = {807--812},
  keywords = {chapter3},
  doi = {10.1007/BF02058630}
}
@article{casimir1948attraction,
  title={On the Attraction Between Two Perfectly Conducting Plates},
  author={Casimir, H. B. G.},
  journal={Proc. K. Ned. Akad. Wet.},
  volume={51},
  pages={793--795},
  keywords = {chapter3},
  year={1948}
}

@article{lamoreaux1997demonstration,
  title={Demonstration of the Casimir Force in the 0.6 to 6 μm Range},
  author={Lamoreaux, S. K.},
  journal={Physical Review Letters},
  volume={78},
  number={1},
  pages={5--8},
  keywords = {chapter3},
  year={1997}
}

@article{mohideen1998precision,
  title={Precision Measurement of the Casimir Force from 0.1 to 0.9 μm},
  author={Mohideen, U. and Roy, A.},
  journal={Physical Review Letters},
  volume={81},
  number={21},
  pages={4549--4552},
  keywords = {chapter3},
  year={1998}
}

@article{bressi2002measurement,
  title={Measurement of the Casimir Force between Parallel Metallic Surfaces},
  author={Bressi, G. and Carugno, G. and Onofrio, R. and Ruoso, G.},
  journal={Physical Review Letters},
  volume={88},
  number={4},
  pages={041804},
  keywords = {chapter3},
  year={2002}
}

@article{decca2005precise,
  title={Precise Comparison of Theory and New Experiment for the Casimir Force Leads to Stronger Constraints on Thermal Quantum Effects and Long-Range Interactions},
  author={Decca, R. S. and López, D. and Fischbach, E. and Krause, D. E. and Jamell, C. R. and Chan, H. B.},
  journal={Annals of Physics},
  volume={318},
  number={1},
  pages={37--80},
  keywords = {chapter3},
  year={2005}
}

@article{hosten2008observation,
  title={Observation of the Spin Hall Effect of Light via Weak Measurements},
  author={Hosten, O. and Kwiat, P.},
  journal={Science},
  volume={319},
  number={5864},
  pages={787--790},
  keywords = {chapter3},
  year={2008}
}

@article{dixon2009ultrasensitive,
  title={Ultrasensitive Beam Deflection Measurement via Interferometric Weak Value Amplification},
  author={Dixon, P. B. and Starling, D. J. and Jordan, A. N. and Howell, J. C.},
  journal={Physical Review Letters},
  volume={102},
  number={17},
  pages={173601},
  keywords = {chapter3},
  year={2009}
}

@article{aharonov1988result,
  title={How the Result of a Measurement of a Component of the Spin of a Spin-1/2 Particle Can Turn Out to Be 100},
  author={Aharonov, Y. and Albert, D. Z. and Vaidman, L.},
  journal={Physical Review Letters},
  volume={60},
  number={14},
  pages={1351--1354},
  keywords = {chapter3},
  year={1988}
}

@article{aharonov2005two,
  title={The Two-State Vector Formalism: An Updated Review},
  author={Aharonov, Y. and Botero, A. and Popescu, S. and Reznik, B. and Tollaksen, J.},
  journal={arXiv preprint quant-ph/0105101},
  keywords = {chapter3},
  year={2005}
  
}

@misc{collapse_foundations,
  author = {Wheeler, J. A. and Aharonov, Y. and Penrose, R. and Pearle, P. and Fewster, C. and Verch, R.},
  title = {Collapse Foundations Collection},
  note = {Includes core texts: Wheeler's 'It from Bit', Aharonov's two-state formalism, Penrose's geometric theory, Pearle's collapse model, and Fewster/Verch on QFT measurement},
  year = {2024},
  keywords = {chapter3}
}

@misc{observer_reality_cluster,
  author = {Fuchs, C. A. and Mermin, N. D. and Schack, R. and Spekkens, R. W. and Brukner, Č. and Zeilinger, A. and Bohr, N. and Healey, R. and Peres, A.},
  title = {Observer-Centric Reality and Quantum Interpretation},
  note = {Covers QBism, information invariance, epistemic state theories, and realist vs pragmatist debates from 1935 to present},
  year = {2024},
  keywords = {chapter3}
}

@misc{casimir_collapse_cluster,
  author = {Casimir, H. B. G. and Lamoreaux, S. K. and Mohideen, U. and Bressi, G. and Decca, R. S.},
  title = {Casimir Effect as Collapse Evidence},
  note = {Experimental confirmations of vacuum-induced collapse via spatial boundary conditions. Includes canonical and modern Casimir force tests},
  year = {2024},
  keywords = {chapter3}
}

@misc{weak_measurement_cluster,
  author = {Aharonov, Y. and Albert, D. Z. and Vaidman, L. and Hosten, O. and Kwiat, P. and Dixon, P. B. and Howell, J. C.},
  title = {Weak Measurement and Recursive Coherence},
  note = {Includes key papers on weak values, Zeno effects, spin amplification, and recursive definition in quantum collapse},
  year = {2024},
  keywords = {chapter3}
}
