@misc{imaginary_meta,
  author = {Various},
  title = {On the Imaginary Framework of Observation, Rotation, and Collapse},
  year = {2025},
  note = {This entry summarizes foundational works on imaginary number theory, Euler identity, complex rotation, projection dynamics, vector algebra, and collapse mechanics. Full source citations are listed in Appendix A.}
}
