
@book{penrose1996gravity,
  title={The Nature of Space and Time},
  author={Penrose, Roger and Hawking, Stephen},
  year={1996},
  keywords = {chapter11},
  publisher={Princeton University Press}
}

@book{carroll2001cosmos,
  title={The Cosmological Constant},
  author={Carroll, Sean M},
  journal={Living Reviews in Relativity},
  volume={4},
  number={1},
  pages={1--56},
  year={2001},
  keywords = {chapter11},
  publisher={Springer}
}

@article{ellis_infinities_physics,
  title={Infinities in Physics and Cosmology},
  author={Ellis, George F.R.},
  journal={Foundations of Physics},
  volume={49},
  keywords = {chapter11},
  year={2019},
  pages={1400–1425},
  doi={10.1007/s10701-019-00241-4}
}

@book{peacock2000cosmological,
  title={Cosmological Physics},
  author={Peacock, John A},
  year={2000},
  keywords = {chapter11},
  publisher={Cambridge University Press}
}

@incollection{wheeler1984delayed,
  title={Law without law},
  author={Wheeler, John Archibald},
  booktitle={Quantum Theory and Measurement},
  editor={Wheeler, JA and Zurek, WH},
  publisher={Princeton University Press},
  year={1984},
  keywords = {chapter11},
  pages={182--213}
}

@article{kim2000delayed,
  title={A Delayed Choice Quantum Eraser},
  author={Kim, Yoon-Ho and Yu, Rong and Kulik, Sergei P and Shih, Yanhua and Scully, Marlan O},
  journal={Physical Review Letters},
  volume={84},
  keywords = {chapter11},
  number={1},
  pages={1--5},
  year={2000}
}

@book{hawking_ellis1973,
  title={The Large Scale Structure of Space-Time},
  author={Hawking, S.W. and Ellis, G.F.R.},
  year={1973},
  keywords = {chapter11},
  publisher={Cambridge University Press}
}

@article{decca2005precise,
  title={Precise Comparison of Theory and New Experiment for the Casimir Force Leads to Stronger Constraints on Thermal Quantum Effects and Long-Range Interactions},
  author={Decca, R. S. and López, D. and Fischbach, E. and Krause, D. E. and Jamell, C. R. and Chan, H. B.},
  journal={Physical Review D},
  volume={75},
  number={7},
  keywords = {chapter11},
  pages={077101},
  year={2007},
  doi={10.1103/PhysRevD.75.077101}
}

@article{klimchitskaya2009casimir,
  title={The Casimir Force Between Real Materials: Experiment and Theory},
  author={Klimchitskaya, G. L. and Mohideen, U. and Mostepanenko, V. M.},
  journal={Reviews of Modern Physics},
  volume={81},
  number={4},
  keywords = {chapter11},
  pages={1827},
  year={2009},
  doi={10.1103/RevModPhys.81.1827}
}

@article{bressi2002measurement,
  title={Measurement of the Casimir Force Between Parallel Metallic Surfaces},
  author={Bressi, G. and Carugno, G. and Onofrio, R. and Ruoso, G.},
  journal={Physical Review Letters},
  volume={88},
  number={4},
  keywords = {chapter11},
  pages={041804},
  year={2002},
  doi={10.1103/PhysRevLett.88.041804}
}
