@incollection{wheeler1990it,
  author    = {John Archibald Wheeler},
  title     = {Information, Physics, Quantum: The Search for Links},
  booktitle = {Complexity, Entropy, and the Physics of Information},
  editor    = {W. Zurek},
  publisher = {Addison-Wesley},
  year      = {1990}
}

@book{vonNeumann1932mfqm,
  author    = {John von Neumann},
  title     = {Mathematical Foundations of Quantum Mechanics},
  publisher = {Princeton University Press},
  year      = {1955}
}

@incollection{wigner1961remarks,
  author    = {Eugene P. Wigner},
  title     = {Remarks on the Mind-Body Question},
  booktitle = {The Scientist Speculates},
  editor    = {I.J. Good},
  publisher = {Heinemann},
  address   = {London},
  year      = {1961}
}

@article{everett1957relative,
  author  = {Hugh Everett III},
  title   = {"Relative State" Formulation of Quantum Mechanics},
  journal = {Reviews of Modern Physics},
  volume  = {29},
  number  = {3},
  pages   = {454--462},
  year    = {1957}
}

@article{rovelli1996relational,
  author  = {Carlo Rovelli},
  title   = {Relational Quantum Mechanics},
  journal = {International Journal of Theoretical Physics},
  volume  = {35},
  pages   = {1637--1678},
  year    = {1996}
}

@misc{hardy2001quantum,
  author = {Lucien Hardy},
  title  = {Quantum Theory From Five Reasonable Axioms},
  note   = {arXiv preprint quant-ph/0101012},
  year   = {2001}
}

@article{penrose1996orchestrated,
  author  = {Roger Penrose and Stuart Hameroff},
  title   = {Orchestrated Reduction of Quantum Coherence in Brain Microtubules: A Model for Consciousness},
  journal = {Journal of Consciousness Studies},
  volume  = {3},
  number  = {1},
  pages   = {36--53},
  year    = {1996}
}

@article{zurek2003decoherence,
  author  = {Wojciech H. Zurek},
  title   = {Decoherence, einselection, and the quantum origins of the classical},
  journal = {Reviews of Modern Physics},
  volume  = {75},
  number  = {3},
  pages   = {715--775},
  year    = {2003}
}

@article{zeilinger1999foundational,
  author  = {Anton Zeilinger},
  title   = {A foundational principle for quantum mechanics},
  journal = {Foundations of Physics},
  volume  = {29},
  number  = {4},
  pages   = {631--643},
  year    = {1999}
}

@article{davies2004emergent,
  author  = {Paul Davies},
  title   = {Emergent Biological Principles and the Computational Properties of the Universe},
  journal = {Complexity},
  volume  = {10},
  number  = {1},
  pages   = {11--15},
  year    = {2004}
}
